1407 2308
237 120 314 161 DE
333 121 625 173 ORATORE,
655 122 751 162 Lm.
768 122 826 162 11.
855 122 957 162 CAP.
973 124 1037 161 55.
1103 123 1182 162 249

88 225 258 266 homines
276 234 313 267 'et
329 236 428 268 creat
444 229 648 269 imitatores
673 237 710 269 et
736 236 943 269 narratores
967 229 1119 275 facetos,
1148 234 1186 266 et

87 280 196 318 vultu
215 281 429 331 adjuvante,
449 290 486 322 et
510 296 611 333 voce,
640 291 677 322 et
704 285 784 334 ipso
803 296 936 334 genere
961 281 1183 327 sermonis);

87 338 172 371 tum
201 346 287 373 vero
313 335 352 373 in
380 336 450 374 hoc
480 336 595 375 altero
624 337 840 384 dicacitatis,
874 336 966 388 quid
992 337 1106 373 habet
1124 347 1184 372 ars

85 385 172 433 loci,
189 399 275 424 cuni
290 396 376 426 ante
393 389 489 426 illud
507 389 668 427 facetum
689 390 831 427 dictum
851 390 1028 427 emissum
1046 388 1185 425 haerere

87 437 232 487 debeat,
254 454 369 493 quam
384 443 535 492 cogitari
554 443 716 493 potuisse
730 443 898 480 videatur
914 445 931 480 ἶ)
960 441 1066 489 Quid
1085 441 1187 478 enim

86 491 148 530 hic
166 505 272 531 meus
296 494 410 532 frater
437 497 483 533 ab
503 503 580 532 arte
598 496 767 544 adjuvari
785 496 921 546 potuit,
948 508 1035 533 cum
1054 508 1077 531 a
1096 493 1189 531 Phi-

87 544 192 595 lippo
223 546 484 598 interrogatus,
519 549 611 598 quid
642 549 806 595 latraret,
844 551 871 570 ‘⁶
887 548 1026 585 Furem
1062 559 1100 584 se
1132 547 1187 583 vi-

86 596 216 646 dere,’‘
246 601 466 650 respondit?
495 601 586 652 quid
618 601 656 638 in
689 602 793 639 omni
823 601 986 638 oratione
1015 600 1186 647 Crassus,

88 651 147 687 vel
166 652 267 702 apud
293 653 541 691 centumviros
571 662 699 691 contra
728 655 946 700 Scaevolam,
975 653 1034 691 vel
1061 659 1190 690 contra

87 713 338 743 accusatorem
356 707 538 753 Brutum,
565 720 651 744 cum
671 720 738 757 pro
758 707 828 745 Cn.
851 707 991 744 Planco
1017 706 1154 743 diceret
1167 707 1186 743 ?

88 756 194 794 Nam
213 757 265 806 id,
294 759 395 809 quod
422 767 463 796 tu
481 759 576 797 mihi
595 760 741 807 tribuis,
771 759 932 807 Antoni,
965 759 1098 796 Crasso
1117 764 1185 806 est,

87 810 261 848 omnium
293 813 488 860 sententia,
522 813 799 850 concedendum
816 827 826 850 ι
861 825 937 850 non
969 812 1071 849 enim
1110 810 1188 848 fere

87 862 289 914 quisquam
308 865 522 914 reperietur,
542 873 675 916 praeter
689 866 804 913 hunc,
824 865 864 902 in
883 872 1041 915 utroque
1053 875 1188 914 genere

86 915 223 965 leporis
242 918 439 964 excellens,
460 925 496 955 et
513 918 592 966 illo,
613 918 715 969 quod
732 919 771 956 in
786 918 1032 969 perpetuitate
1047 929 1187 954 sermo-

88 968 160 1016 nis,
181 976 218 1006 et
235 969 320 1018 hoc,
340 971 441 1021 quod
462 971 501 1008 in
520 972 705 1009 celeritate
729 979 842 1023 atque
860 971 959 1009 dicto
984 977 1049 1008 est.
1080 970 1186 1006 Nam

87 1021 168 1059 haec
177 1030 358 1073 perpetua
375 1031 503 1061 contra
517 1024 722 1062 Scaevolam
740 1024 908 1062 Curiana
926 1023 1090 1061 defensio
1110 1028 1189 1060 tota

88 1074 312 1113 redundavit
331 1076 517 1114 hilaritate
536 1077 702 1127 quadarn
721 1084 757 1115 et
771 1079 854 1126 joco
870 1090 882 1123 3
910 1076 1008 1114 dicta
1024 1076 1092 1112 illa
1105 1077 1190 1113 bre-

88 1127 150 1164 via
167 1140 243 1166 non
267 1129 424 1167 habuit:
456 1132 630 1180 parcebat
651 1130 752 1168 enim
772 1130 970 1167 adversarii
988 1128 1189 1179 dignitati3

87 1179 128 1217 in
147 1193 223 1231 quo
241 1181 320 1232 ipse
338 1184 506 1220 servabat
525 1196 658 1229 suam3
691 1183 793 1234 quod
819 1190 872 1220 est
898 1182 1115 1220 hominibus
1134 1180 1192 1218 fa-

88 1233 176 1271 cetis
195 1241 232 1271 et
250 1234 437 1273 dicacibus
454 1235 734 1284 difficillimum,
758 1236 894 1273 habere
912 1234 1113 1272 hominum
1131 1246 1191 1271 ra-

89 1286 230 1324 tionem
249 1295 285 1325 et
303 1295 531 1339 temporum,
548 1297 586 1327 et
603 1302 659 1338 ea,
681 1302 766 1340 quae
783 1294 992 1334 occurrant,
1012 1300 1099 1324 cum
1119 1286 1192 1323 sal-

89 1339 234 1377 sissime
258 1340 331 1378 dici
354 1342 510 1392 possint,
530 1349 667 1380 tenere.
697 1342 834 1392 Itaque
851 1340 1025 1378 nonnulli
1043 1338 1193 1377 ridiculi

88 1391 260 1430 homines
277 1393 348 1432 hoc
372 1394 497 1444 ipsum
522 1407 598 1432 non
615 1395 756 1432 insulse
781 1395 1083 1443 interpretantur.
1119 1391 1193 1429 Di-

89 1457 170 1482 cere
206 1447 308 1483 enim
338 1447 444 1484 aiunt
471 1447 658 1495 Ennium,
693 1449 721 1469 “
742 1447 937 1484 flammam
970 1458 993 1483 a
1027 1444 1193 1495 sapiente

89 1496 236 1545 facilius
254 1511 316 1536 ore
333 1499 373 1536 in
392 1498 544 1538 ardente
567 1500 743 1551 opprimi,
765 1512 881 1551 quam
905 1500 1004 1536 bona
1022 1497 1121 1536 dicta
1138 1504 1194 1534 te-

90 1557 178 1588 neat
191 1550 231 1587 :''
250 1551 330 1589 haec
344 1552 484 1589 scilicet
501 1554 601 1591 bona
614 1553 732 1600 dicta,
753 1565 839 1603 quae
864 1552 960 1589 salsa
977 1550 1075 1589 sint:
1102 1562 1194 1588 nam

90 1615 134 1641 ea
154 1604 259 1642 dicta
280 1605 518 1655 appellantur
535 1605 685 1656 proprio
700 1606 782 1654 jam
800 1605 964 1642 nomine.

142 1656 232 1695 LV.
261 1657 350 1705 Sed,
378 1664 422 1694 ut
448 1657 489 1695 in
519 1658 725 1696 Scaevolam
749 1657 934 1695 continuit
959 1669 1002 1694 ea
1020 1655 1191 1704 Crassus,

90 1716 203 1761 atque
231 1710 297 1747 illo
322 1710 437 1748 altero
465 1723 613 1761 genere,
643 1711 683 1748 in
708 1723 784 1761 quo
808 1710 906 1747 nulli
924 1709 1044 1747 aculei
1062 1716 1194 1747 contu-

90 1763 291 1801 meliarum
317 1763 477 1812 inerant,
509 1777 661 1802 causam
685 1763 793 1801 illam
824 1763 1194 1814 disputationemque

90 1815 205 1862 lusit;
227 1816 292 1864 sic,
312 1816 352 1853 in
370 1817 507 1864 Bruto,
527 1829 642 1868 quem
670 1817 811 1864 oderat,
839 1823 876 1854 et
894 1828 1008 1867 quern
1034 1815 1194 1866 dignum

91 1869 319 1907 contumelia
327 1869 532 1918 judicabat,
543 1877 702 1920 utroque
713 1882 846 1920 genere
856 1868 1051 1921 pugnavit.
1065 1868 1195 1915 Quam

93 1922 216 1959 multa
234 1922 280 1960 de
298 1923 454 1970 balneis,
475 1936 568 1973 quas
587 1935 706 1974 nuper
731 1923 794 1960 ille
818 1922 1048 1968 vendiderat,
1077 1931 1195 1971 quarn

93 1975 216 2012 multa
234 1975 280 2013 de
298 1975 434 2013 amisso
451 1976 677 2026 patrimonio
696 1975 792 2012 dixit
807 1975 816 2012 ἱ
843 1983 956 2026 atque
972 1974 1039 2010 illa
1052 1972 1193 2019 brevia,

95 2039 183 2064 cum
202 2027 265 2065 ille
279 2028 429 2077 diceret,
442 2041 480 2066 se
494 2029 572 2066 sine
587 2029 698 2067 causa
711 2028 844 2066 sudare
857 2042 869 2072 ς
901 2029 928 2049 “
944 2026 1110 2072 Minime
1123 2024 1197 2062 rni-

98 2080 228 2127 rum,'’
247 2080 396 2132 inquit3
427 2083 454 2103 “
467 2081 580 2119 modo
602 2081 703 2120 enim
724 2081 835 2119 existi
853 2081 899 2118 de
916 2078 1100 2117 balneis.''
1130 2077 1198 2115 In-

97 2133 347 2176 numerabilia
363 2133 623 2183 hujuscemodi
640 2134 806 2180 fuerunt,
826 2133 890 2170 sed
907 2144 982 2169 non
997 2130 1123 2168 minus
1133 2131 1199 2179 ju-

100 2184 226 2224 cunda
241 2185 308 2225 illa
324 2193 515 2239 perpetua.
545 2186 646 2226 Cum
660 2187 761 2226 enim
779 2187 923 2226 Brutus
937 2183 1031 2225 duos
1047 2183 1201 2222 lectores
