1429 2344
175 108 228 146 44
284 106 360 145 DE
390 105 780 155 INVENTIONE,
810 105 907 144 LIB.
926 105 960 144 I.
988 105 1091 144 CAP.
1109 105 1172 143 43.

166 215 298 264 Nunc,
329 221 373 252 ut
402 215 635 253 instituimus
665 213 861 266 proficisci,
893 213 1023 252 ordine
1055 211 1103 250 ad
1130 212 1276 264 reliqua

164 282 378 320 pergemus.

216 322 356 360 XLII.
384 322 643 373 Reprehensio
662 329 730 369 est,
750 334 817 372 per
836 334 952 372 quam
972 319 1274 370 argumentando

161 375 461 414 adversariorum
491 376 726 413 confirmatio
757 374 930 421 diluitur,
965 382 1032 411 aut
1058 373 1274 410 infirmatur

163 428 252 477 [aut
266 430 482 481 allevatur}
515 429 554 466 H
559 442 610 466 aec
625 429 728 467 fonte
742 427 968 466 inventionis
983 427 1115 464 eodem
1129 433 1271 472 utetur,

160 496 237 533 quo
268 484 388 520 utitur
418 483 665 530 confirmatio,
694 489 891 533 propterea
916 480 1033 532 quod,
1061 480 1200 531 quibus
1225 493 1272 517 ex

158 537 250 574 locis
281 537 410 587 aliqua
432 549 488 574 res
515 536 729 574 confirmari
754 542 888 586 potest,
916 534 1050 571 iisdem
1075 540 1198 584 potest
1224 545 1271 570 ex

159 590 250 627 locis
269 590 477 627 infirmari:
508 590 605 626 nihil
624 590 725 627 enim
745 587 1058 626 considerandum
1081 595 1136 624 est
1153 586 1193 623 in
1211 586 1272 623 his

159 643 337 681 omnibus
365 643 659 691 inventionibus,
689 642 762 680 nisi
789 642 843 690 id,
874 641 977 692 quod
1004 639 1171 691 personis
1204 646 1272 677 aut

159 697 319 746 negotiis
338 697 564 734 attributum
590 704 655 734 est.
697 696 828 742 Quare
852 694 1123 741 inventionem,
1151 700 1189 731 et
1212 706 1272 730 ar-

158 751 491 800 gumentationum
529 749 812 800 expolitionem,
851 762 899 786 ex
935 748 1024 797 illis,
1063 760 1149 799 quae
1184 753 1272 784 ante

157 812 345 855 praecepta
382 812 483 852 sunt,
520 804 619 841 hanc
656 816 808 854 quoque
844 802 885 839 in
914 807 1062 852 partem
1094 799 1272 838 orationis

158 858 349 895 transferri
368 858 564 908 oportebit.
605 857 897 904 Verumtamen,
918 862 962 892 ut
980 853 1156 906 quaedam
1175 866 1272 904 prae-

157 912 279 962 ceptio
299 911 408 949 detur
426 912 542 961 hujus
561 924 713 962 quoque
730 910 860 961 partis,
887 921 1120 959 exponemus
1138 906 1271 944 modos

157 965 481 1015 reprehensionis3
521 978 616 1015 quos
644 964 711 1015 qui
739 965 1005 1010 observabunt,
1034 961 1182 999 facilius
1210 973 1267 1008 ea,

157 1031 244 1068 quae
263 1026 392 1056 contra
411 1018 596 1065 dicentur,
617 1018 760 1055 diluere
779 1024 845 1054 aut
858 1017 1050 1053 infirmare
1064 1021 1253 1065 poterunt.

211 1072 351 1110 Omnis
378 1072 655 1122 argumentatio
680 1070 978 1122 reprehenditur,
999 1069 1030 1106 si
1055 1076 1136 1115 aut,
1157 1081 1203 1106 ex
1222 1067 1268 1105 iis

156 1139 244 1176 quae
262 1132 388 1163 sumta
407 1132 507 1173 sunt,
529 1138 605 1163 non
625 1124 840 1163 conceditur
858 1122 1012 1173 aliquod
1034 1134 1158 1159 unum
1180 1121 1266 1172 plu-

156 1192 272 1224 rave;
313 1187 392 1227 aut,
421 1179 480 1216 his
509 1179 702 1225 concessis,
732 1177 944 1228 complexio
972 1175 1105 1214 confici
1133 1188 1180 1212 ex
1207 1174 1267 1212 his

155 1240 340 1283 negatur;
379 1240 446 1270 aut
479 1232 509 1270 si
541 1245 660 1283 genus
689 1232 817 1282 ipsum
849 1228 1184 1280 argumentationis
1212 1228 1267 1265 vi-

156 1286 297 1323 tiosum
320 1286 555 1331 ostenditur;
586 1293 653 1323 aut
676 1285 720 1333 si,
741 1292 870 1323 contra
895 1284 1046 1321 finnam
1065 1294 1266 1332 argumen-

158 1340 354 1388 tationem,
392 1340 466 1377 alia
503 1353 610 1390 aeque
641 1339 765 1387 firma,
805 1346 871 1376 aut
906 1337 1063 1384 firmior,
1101 1335 1266 1386 ponitur.

157 1393 221 1430 Ex
240 1393 285 1431 iis
312 1407 398 1445 quae
424 1400 642 1440 sumuntur,
662 1391 808 1443 aliquid
833 1403 909 1429 non
929 1389 1157 1437 conceditur,
1177 1401 1265 1427 cum

156 1454 223 1484 aut
254 1447 308 1495 id,
343 1447 446 1497 quod
479 1447 656 1484 credibile
688 1446 833 1494 dicunt,
866 1452 1027 1495 negatur
1059 1456 1137 1481 esse
1168 1443 1266 1492 ejus-

155 1500 285 1545 modi3
315 1508 395 1548 aut,
421 1500 524 1552 quod.
552 1500 805 1550 comparabile
830 1505 980 1549 putant,
1000 1496 1182 1535 dissimile
1207 1508 1266 1534 os-

154 1553 344 1599 tenditur;
369 1561 435 1591 aut
450 1554 663 1603 judicatum
683 1554 799 1591 aliam
817 1553 858 1590 in
876 1559 1024 1602 partem
1042 1549 1265 1597 traducitur,

154 1614 222 1645 aut
240 1607 395 1645 omnino
410 1608 599 1656 judicium
614 1608 872 1658 improbatur;
897 1612 976 1653 aut,
997 1604 1100 1656 quod
1115 1603 1266 1654 signum

155 1673 232 1698 esse
260 1661 460 1699 adversarii
485 1662 677 1709 dixerunt,
704 1661 745 1698 id
767 1659 953 1710 ejusmodi
978 1665 1136 1708 negetur
1161 1669 1264 1702 esse;

154 1721 222 1751 aut
247 1715 278 1752 si
304 1715 530 1765 complexio,
558 1722 624 1752 aut
651 1728 698 1752 ex
717 1715 796 1751 una
814 1720 882 1751 aut
899 1726 946 1751 ex
965 1712 1126 1762 utraque
1144 1716 1264 1761 parte,

153 1768 464 1818 reprehenditur3
499 1775 566 1806 aut
594 1769 624 1806 si
652 1767 885 1806 enumeratio
911 1766 1007 1804 falsa
1029 1764 1263 1808 ostenditur;

155 1828 221 1858 aut
247 1821 277 1859 si
304 1822 466 1873 simplex
490 1822 678 1860 conclusio
700 1821 786 1859 falsi
812 1819 958 1871 aliquid
984 1818 1173 1857 continere
1200 1816 1264 1854 de-

154 1882 397 1912 monstratur.
428 1876 534 1913 Nam
552 1889 678 1923 omne,
700 1874 803 1926 quod
822 1873 985 1912 sumitur
999 1872 1047 1910 ad
1061 1883 1264 1922 argumen-

155 1928 329 1976 tandum,
358 1929 435 1967 sive
460 1943 528 1980 pro
553 1929 754 1980 probabili,
775 1928 851 1966 sive
873 1939 942 1978 pro
960 1925 1179 1972 necessario,
1198 1936 1264 1962 ne-

155 1995 254 2019 cesse
273 1989 328 2020 est
346 1990 518 2020 sumatur
537 1996 584 2020 ex
601 1983 660 2020 his
677 1982 782 2029 locis,
803 1989 847 2019 ut
864 1988 951 2018 ante
965 1978 1209 2018 ostendimus.

209 2036 372 2073 XLIII.
399 2036 516 2083 Quod
534 2049 602 2088 pro
622 2036 790 2074 credibili
808 2041 979 2072 sumtum
998 2033 1081 2080 erit,
1100 2031 1141 2068 id
1159 2030 1264 2068 infir-

154 2089 335 2137 mabitur,
370 2090 401 2127 si
433 2098 499 2128 aut
525 2090 719 2142 perspicue
746 2089 886 2126 falsum
915 2087 997 2135 erit,
1025 2087 1097 2124 hoc
1123 2084 1261 2123 modo:

156 2143 285 2182 Nemo
300 2150 368 2194 est,
385 2144 452 2195 qui
466 2157 543 2183 non
557 2144 757 2196 pecuniam
773 2155 890 2194 quam
905 2140 1128 2193 sapientiam
1142 2137 1263 2177 malit.
