<?xml version="1.0" encoding="UTF-8"?>
<!DOCTYPE html PUBLIC "-//W3C//DTD XHTML 1.0 Transitional//EN"
    "http://www.w3.org/TR/xhtml1/DTD/xhtml1-transitional.dtd">
<html xmlns="http://www.w3.org/1999/xhtml" xml:lang="en" lang="en">
 <head>
  <title>
</title>
<meta http-equiv="Content-Type" content="text/html;charset=utf-8" />
  <meta name='ocr-system' content='tesseract 3.04.00' />
  <meta name='ocr-capabilities' content='ocr_page ocr_carea ocr_par ocr_line ocrx_word'/>
</head>
<body>
  <div class='ocr_page' id='page_1' title='image "./operaern01ciceuoft_0454.png"; bbox 0 0 1429 2344; ppageno 0'>
   <div class='ocr_carea' id='block_1_1' title="bbox 200 89 1235 142">
    <p class='ocr_par' dir='ltr' id='par_1_1' title="bbox 200 89 1235 142">
     <span class='ocr_line' id='line_1_1' title="bbox 200 89 1235 142; baseline 0.002 -14"><span class='ocrx_word' id='word_1_1' title='bbox 200 89 281 129; x_wconf 80' lang='lat'><strong>436</strong></span> <span class='ocrx_word' id='word_1_2' title='bbox 309 89 388 129; x_wconf 91' lang='lat' dir='ltr'><strong>DE</strong></span> <span class='ocrx_word' id='word_1_3' title='bbox 408 89 617 130; x_wconf 86' lang='lat' dir='ltr'><strong>CLARIS</strong></span> <span class='ocrx_word' id='word_1_4' title='bbox 636 90 1026 142; x_wconf 85' lang='lat' dir='ltr'><strong>ORATORIBUS,</strong></span> <span class='ocrx_word' id='word_1_5' title='bbox 1043 90 1150 131; x_wconf 78' lang='lat' dir='ltr'><strong>CAP.</strong></span> <span class='ocrx_word' id='word_1_6' title='bbox 1165 90 1235 131; x_wconf 83' lang='lat'><strong>86.</strong></span> 
     </span>
    </p>
   </div>
   <div class='ocr_carea' id='block_1_2' title="bbox 196 196 1316 2184">
    <p class='ocr_par' dir='ltr' id='par_1_2' title="bbox 198 196 1314 290">
     <span class='ocr_line' id='line_1_2' title="bbox 200 196 1314 253; baseline 0.004 -19"><span class='ocrx_word' id='word_1_7' title='bbox 200 208 250 235; x_wconf 89' lang='lat' dir='ltr'><strong>ne</strong></span> <span class='ocrx_word' id='word_1_8' title='bbox 267 196 400 248; x_wconf 86' lang='lat' dir='ltr'><strong>religio</strong></span> <span class='ocrx_word' id='word_1_9' title='bbox 418 198 526 238; x_wconf 89' lang='lat' dir='ltr'><strong>nobis</strong></span> <span class='ocrx_word' id='word_1_10' title='bbox 544 206 624 237; x_wconf 90' lang='lat' dir='ltr'><strong>tam</strong></span> <span class='ocrx_word' id='word_1_11' title='bbox 643 199 857 238; x_wconf 86' lang='lat' dir='ltr'><strong>adhibenda</strong></span> <span class='ocrx_word' id='word_1_12' title='bbox 875 199 937 249; x_wconf 83' lang='lat' dir='ltr'><strong>sit,</strong></span> <span class='ocrx_word' id='word_1_13' title='bbox 957 212 1075 253; x_wconf 88' lang='lat' dir='ltr'><strong>quam</strong></span> <span class='ocrx_word' id='word_1_14' title='bbox 1094 199 1125 238; x_wconf 86' lang='lat' dir='ltr'><strong>si</strong></span> <span class='ocrx_word' id='word_1_15' title='bbox 1142 197 1314 238; x_wconf 84' lang='lat' dir='ltr'><strong>testimo·</strong></span> 
     </span>
     <span class='ocr_line' id='line_1_3' title="bbox 198 251 511 290; baseline 0 0"><span class='ocrx_word' id='word_1_16' title='bbox 198 251 309 290; x_wconf 88' lang='lat' dir='ltr'><strong>nium</strong></span> <span class='ocrx_word' id='word_1_17' title='bbox 327 251 511 290; x_wconf 90' lang='lat' dir='ltr'><strong>dicamus.</strong></span> 
     </span>
    </p>

    <p class='ocr_par' dir='ltr' id='par_1_3' title="bbox 196 305 1316 950">
     <span class='ocr_line' id='line_1_4' title="bbox 251 305 1310 356; baseline 0.002 -14"><span class='ocrx_word' id='word_1_18' title='bbox 251 305 339 356; x_wconf 84' lang='lat' dir='ltr'><strong>Ego</strong></span> <span class='ocrx_word' id='word_1_19' title='bbox 359 306 462 343; x_wconf 88' lang='lat' dir='ltr'><strong>enim</strong></span> <span class='ocrx_word' id='word_1_20' title='bbox 480 305 667 346; x_wconf 81' lang='lat' dir='ltr'><strong>Catonem</strong></span> <span class='ocrx_word' id='word_1_21' title='bbox 681 313 808 354; x_wconf 86' lang='lat' dir='ltr'><strong>tuum,</strong></span> <span class='ocrx_word' id='word_1_22' title='bbox 823 314 868 346; x_wconf 89' lang='lat' dir='ltr'><strong>ut</strong></span> <span class='ocrx_word' id='word_1_23' title='bbox 879 307 1012 356; x_wconf 88' lang='lat' dir='ltr'><strong>civem,</strong></span> <span class='ocrx_word' id='word_1_24' title='bbox 1028 313 1074 345; x_wconf 89' lang='lat' dir='ltr'><strong>ut</strong></span> <span class='ocrx_word' id='word_1_25' title='bbox 1086 313 1310 354; x_wconf 78' lang='lat' dir='ltr'><strong>senatorem,</strong></span> 
     </span>
     <span class='ocr_line' id='line_1_5' title="bbox 199 359 1313 413; baseline 0.004 -18"><span class='ocrx_word' id='word_1_26' title='bbox 199 364 244 396; x_wconf 88' lang='lat' dir='ltr'><strong>ut</strong></span> <span class='ocrx_word' id='word_1_27' title='bbox 262 359 546 409; x_wconf 70' lang='lat' dir='ltr'>imperatorem,</span> <span class='ocrx_word' id='word_1_28' title='bbox 566 368 610 399; x_wconf 91' lang='lat' dir='ltr'><strong>ut</strong></span> <span class='ocrx_word' id='word_1_29' title='bbox 628 361 754 399; x_wconf 83' lang='lat' dir='ltr'><strong>virum</strong></span> <span class='ocrx_word' id='word_1_30' title='bbox 781 361 959 413; x_wconf 87' lang='lat' dir='ltr'><strong>denique,</strong></span> <span class='ocrx_word' id='word_1_31' title='bbox 988 374 1077 399; x_wconf 89' lang='lat' dir='ltr'><strong>cum</strong></span> <span class='ocrx_word' id='word_1_32' title='bbox 1108 360 1313 412; x_wconf 66' lang='lat' dir='ltr'><strong>prudentia</strong></span> 
     </span>
     <span class='ocr_line' id='line_1_6' title="bbox 199 412 1309 466; baseline 0.003 -17"><span class='ocrx_word' id='word_1_33' title='bbox 199 420 238 450; x_wconf 89' lang='lat' dir='ltr'><strong>et</strong></span> <span class='ocrx_word' id='word_1_34' title='bbox 256 412 464 463; x_wconf 65' lang='lat' dir='ltr'><strong>diligentia,</strong></span> <span class='ocrx_word' id='word_1_35' title='bbox 486 421 569 452; x_wconf 87' lang='lat' dir='ltr'><strong>tum</strong></span> <span class='ocrx_word' id='word_1_36' title='bbox 596 415 701 464; x_wconf 86' lang='lat' dir='ltr'><strong>omni</strong></span> <span class='ocrx_word' id='word_1_37' title='bbox 725 415 864 454; x_wconf 85' lang='lat' dir='ltr'><strong>virtute</strong></span> <span class='ocrx_word' id='word_1_38' title='bbox 882 415 1142 462; x_wconf 78' lang='lat' dir='ltr'><strong>excellentem,</strong></span> <span class='ocrx_word' id='word_1_39' title='bbox 1162 415 1281 466; x_wconf 87' lang='lat' dir='ltr'><strong>probo</strong></span> <span class='ocrx_word' id='word_1_40' title='bbox 1296 427 1309 452; x_wconf 72' lang='grc' dir='ltr'>ε</span> 
     </span>
     <span class='ocr_line' id='line_1_7' title="bbox 197 466 1307 520; baseline 0.002 -17"><span class='ocrx_word' id='word_1_41' title='bbox 197 467 385 505; x_wconf 89' lang='lat' dir='ltr'><strong>orationes</strong></span> <span class='ocrx_word' id='word_1_42' title='bbox 399 475 526 506; x_wconf 78' lang='lat' dir='ltr'><strong>autem</strong></span> <span class='ocrx_word' id='word_1_43' title='bbox 538 469 634 518; x_wconf 88' lang='lat' dir='ltr'><strong>ejus,</strong></span> <span class='ocrx_word' id='word_1_44' title='bbox 648 466 692 506; x_wconf 86' lang='lat' dir='ltr'><strong>ut</strong></span> <span class='ocrx_word' id='word_1_45' title='bbox 706 468 780 507; x_wconf 91' lang='lat' dir='ltr'><strong>illis</strong></span> <span class='ocrx_word' id='word_1_46' title='bbox 793 469 1039 520; x_wconf 85' lang='lat' dir='ltr'><strong>temporibus,</strong></span> <span class='ocrx_word' id='word_1_47' title='bbox 1050 467 1158 507; x_wconf 90' lang='lat' dir='ltr'><strong>valde</strong></span> <span class='ocrx_word' id='word_1_48' title='bbox 1171 467 1307 506; x_wconf 84' lang='lat' dir='ltr'><strong>laudo:</strong></span> 
     </span>
     <span class='ocr_line' id='line_1_8' title="bbox 196 519 1313 574; baseline 0.001 -16"><span class='ocrx_word' id='word_1_49' title='bbox 196 519 412 570; x_wconf 82' lang='lat' dir='ltr'><strong>significant</strong></span> <span class='ocrx_word' id='word_1_50' title='bbox 431 521 533 559; x_wconf 90' lang='lat' dir='ltr'><strong>enim</strong></span> <span class='ocrx_word' id='word_1_51' title='bbox 553 523 761 573; x_wconf 90' lang='lat' dir='ltr'><strong>quamdam</strong></span> <span class='ocrx_word' id='word_1_52' title='bbox 780 523 945 560; x_wconf 86' lang='lat' dir='ltr'><strong>formam</strong></span> <span class='ocrx_word' id='word_1_53' title='bbox 968 521 1126 574; x_wconf 90' lang='lat' dir='ltr'><strong>ingenii,</strong></span> <span class='ocrx_word' id='word_1_54' title='bbox 1153 521 1218 560; x_wconf 87' lang='lat' dir='ltr'><strong>sed</strong></span> <span class='ocrx_word' id='word_1_55' title='bbox 1243 521 1313 559; x_wconf 86' lang='lat' dir='ltr'><strong>ad-</strong></span> 
     </span>
     <span class='ocr_line' id='line_1_9' title="bbox 196 573 1312 628; baseline 0.002 -17"><span class='ocrx_word' id='word_1_56' title='bbox 196 573 359 611; x_wconf 91' lang='lat' dir='ltr'><strong>modum</strong></span> <span class='ocrx_word' id='word_1_57' title='bbox 391 574 620 626; x_wconf 91' lang='lat' dir='ltr'><strong>impolitam,</strong></span> <span class='ocrx_word' id='word_1_58' title='bbox 650 583 687 614; x_wconf 91' lang='lat' dir='ltr'><strong>et</strong></span> <span class='ocrx_word' id='word_1_59' title='bbox 718 577 832 628; x_wconf 91' lang='lat' dir='ltr'><strong>plane</strong></span> <span class='ocrx_word' id='word_1_60' title='bbox 863 576 1011 615; x_wconf 88' lang='lat' dir='ltr'><strong>rudem.</strong></span> <span class='ocrx_word' id='word_1_61' title='bbox 1042 578 1070 598; x_wconf 87' lang='grc'>“</span> <span class='ocrx_word' id='word_1_62' title='bbox 1091 575 1270 625; x_wconf 85' lang='lat' dir='ltr'><strong>Origines</strong></span> <span class='ocrx_word' id='word_1_63' title='bbox 1285 575 1312 594; x_wconf 93' lang='lat'>”</span> 
     </span>
     <span class='ocr_line' id='line_1_10' title="bbox 196 629 1311 676; baseline 0.003 -12"><span class='ocrx_word' id='word_1_64' title='bbox 196 639 286 665; x_wconf 85' lang='lat' dir='ltr'><strong>vero</strong></span> <span class='ocrx_word' id='word_1_65' title='bbox 306 640 394 665; x_wconf 90' lang='lat' dir='ltr'><strong>cum</strong></span> <span class='ocrx_word' id='word_1_66' title='bbox 413 629 592 667; x_wconf 88' lang='lat' dir='ltr'><strong>omnibus</strong></span> <span class='ocrx_word' id='word_1_67' title='bbox 611 630 766 668; x_wconf 87' lang='lat' dir='ltr'><strong>oratoris</strong></span> <span class='ocrx_word' id='word_1_68' title='bbox 784 629 962 668; x_wconf 87' lang='lat' dir='ltr'><strong>laudibus</strong></span> <span class='ocrx_word' id='word_1_69' title='bbox 986 629 1139 668; x_wconf 85' lang='lat' dir='ltr'><strong>refertas</strong></span> <span class='ocrx_word' id='word_1_70' title='bbox 1156 629 1311 676; x_wconf 86' lang='lat' dir='ltr'><strong>diceres,</strong></span> 
     </span>
     <span class='ocr_line' id='line_1_11' title="bbox 196 681 1311 735; baseline 0.002 -17"><span class='ocrx_word' id='word_1_71' title='bbox 196 687 235 718; x_wconf 88' lang='lat' dir='ltr'><strong>et</strong></span> <span class='ocrx_word' id='word_1_72' title='bbox 260 681 446 720; x_wconf 85' lang='lat' dir='ltr'><strong>Catonem</strong></span> <span class='ocrx_word' id='word_1_73' title='bbox 465 695 554 721; x_wconf 91' lang='lat' dir='ltr'><strong>cum</strong></span> <span class='ocrx_word' id='word_1_74' title='bbox 580 683 741 722; x_wconf 86' lang='lat' dir='ltr'><strong>Philisto</strong></span> <span class='ocrx_word' id='word_1_75' title='bbox 760 690 796 722; x_wconf 91' lang='lat' dir='ltr'><strong>et</strong></span> <span class='ocrx_word' id='word_1_76' title='bbox 816 683 1043 735; x_wconf 87' lang='lat' dir='ltr'><strong>Thucydide</strong></span> <span class='ocrx_word' id='word_1_77' title='bbox 1061 695 1311 733; x_wconf 88' lang='lat' dir='ltr'><strong>comparares,</strong></span> 
     </span>
     <span class='ocr_line' id='line_1_12' title="bbox 197 734 1313 789; baseline 0 -16"><span class='ocrx_word' id='word_1_78' title='bbox 197 734 373 773; x_wconf 89' lang='lat' dir='ltr'><strong>Brutone</strong></span> <span class='ocrx_word' id='word_1_79' title='bbox 391 742 428 774; x_wconf 79' lang='lat' dir='ltr'><strong>te</strong></span> <span class='ocrx_word' id='word_1_80' title='bbox 441 734 481 773; x_wconf 88' lang='lat' dir='ltr'><strong>id</strong></span> <span class='ocrx_word' id='word_1_81' title='bbox 496 738 685 785; x_wconf 78' lang='lat' dir='ltr'><strong>censebas,</strong></span> <span class='ocrx_word' id='word_1_82' title='bbox 701 749 750 775; x_wconf 90' lang='lat' dir='ltr'><strong>an</strong></span> <span class='ocrx_word' id='word_1_83' title='bbox 764 737 874 784; x_wconf 90' lang='lat' dir='ltr'><strong>mihi,</strong></span> <span class='ocrx_word' id='word_1_84' title='bbox 890 739 1140 789; x_wconf 89' lang='lat' dir='ltr'><strong>probaturum</strong></span> <span class='ocrx_word' id='word_1_85' title='bbox 1154 738 1172 775; x_wconf 73' lang='grc' dir='ltr'><strong><em>Ρ</em></strong></span> <span class='ocrx_word' id='word_1_86' title='bbox 1202 736 1313 784; x_wconf 86' lang='lat' dir='ltr'><strong>Quos</strong></span> 
     </span>
     <span class='ocr_line' id='line_1_13' title="bbox 199 788 1312 843; baseline 0.002 -18"><span class='ocrx_word' id='word_1_87' title='bbox 199 788 305 826; x_wconf 90' lang='lat' dir='ltr'><strong>enim</strong></span> <span class='ocrx_word' id='word_1_88' title='bbox 323 801 371 827; x_wconf 88' lang='lat' dir='ltr'><strong>ne</strong></span> <span class='ocrx_word' id='word_1_89' title='bbox 390 802 410 827; x_wconf 93' lang='lat' dir='ltr'><strong>e</strong></span> <span class='ocrx_word' id='word_1_90' title='bbox 431 789 573 829; x_wconf 84' lang='lat' dir='ltr'><strong>Graecis</strong></span> <span class='ocrx_word' id='word_1_91' title='bbox 601 791 758 842; x_wconf 90' lang='lat' dir='ltr'><strong>quidem</strong></span> <span class='ocrx_word' id='word_1_92' title='bbox 777 791 981 843; x_wconf 89' lang='lat' dir='ltr'><strong>quisquam</strong></span> <span class='ocrx_word' id='word_1_93' title='bbox 1010 790 1152 829; x_wconf 84' lang='lat' dir='ltr'><strong>imitari</strong></span> <span class='ocrx_word' id='word_1_94' title='bbox 1174 795 1312 841; x_wconf 86' lang='lat' dir='ltr'><strong>potest,</strong></span> 
     </span>
     <span class='ocr_line' id='line_1_14' title="bbox 200 841 1316 894; baseline 0.003 -15"><span class='ocrx_word' id='word_1_95' title='bbox 200 841 248 880; x_wconf 90' lang='lat' dir='ltr'><strong>iis</strong></span> <span class='ocrx_word' id='word_1_96' title='bbox 267 850 310 880; x_wconf 90' lang='lat' dir='ltr'><strong>tu</strong></span> <span class='ocrx_word' id='word_1_97' title='bbox 329 855 524 894; x_wconf 85' lang='lat' dir='ltr'><strong>comparas</strong></span> <span class='ocrx_word' id='word_1_98' title='bbox 542 844 737 883; x_wconf 88' lang='lat' dir='ltr'><strong>hominem</strong></span> <span class='ocrx_word' id='word_1_99' title='bbox 756 845 1038 893; x_wconf 88' lang='lat' dir='ltr'><strong>Tusculanum,</strong></span> <span class='ocrx_word' id='word_1_100' title='bbox 1058 843 1231 882; x_wconf 89' lang='lat' dir='ltr'><strong>nondum</strong></span> <span class='ocrx_word' id='word_1_101' title='bbox 1249 856 1316 882; x_wconf 90' lang='lat' dir='ltr'><strong>su-</strong></span> 
     </span>
     <span class='ocr_line' id='line_1_15' title="bbox 199 896 1195 950; baseline 0.003 -18"><span class='ocrx_word' id='word_1_102' title='bbox 199 896 426 947; x_wconf 87' lang='lat' dir='ltr'><strong>spicantem,</strong></span> <span class='ocrx_word' id='word_1_103' title='bbox 447 898 560 948; x_wconf 86' lang='lat' dir='ltr'><strong>quale</strong></span> <span class='ocrx_word' id='word_1_104' title='bbox 580 905 673 936; x_wconf 82' lang='lat' dir='ltr'><strong>esset</strong></span> <span class='ocrx_word' id='word_1_105' title='bbox 692 898 838 950; x_wconf 88' lang='lat' dir='ltr'><strong>copiose</strong></span> <span class='ocrx_word' id='word_1_106' title='bbox 857 906 894 937; x_wconf 89' lang='lat' dir='ltr'><strong>et</strong></span> <span class='ocrx_word' id='word_1_107' title='bbox 913 906 1044 937; x_wconf 89' lang='lat' dir='ltr'><strong>ornate</strong></span> <span class='ocrx_word' id='word_1_108' title='bbox 1061 898 1195 937; x_wconf 87' lang='lat' dir='ltr'><strong>dicere.</strong></span> 
     </span>
    </p>

    <p class='ocr_par' dir='ltr' id='par_1_4' title="bbox 197 949 1316 2184">
     <span class='ocr_line' id='line_1_16' title="bbox 255 949 1315 999; baseline 0 -11"><span class='ocrx_word' id='word_1_109' title='bbox 255 949 496 989; x_wconf 76' lang='lat' dir='ltr'><strong>LXXXVI.</strong></span> <span class='ocrx_word' id='word_1_110' title='bbox 526 952 693 990; x_wconf 85' lang='lat' dir='ltr'><strong>Galbam</strong></span> <span class='ocrx_word' id='word_1_111' title='bbox 724 952 883 999; x_wconf 82' lang='lat' dir='ltr'><strong>laudas3</strong></span> <span class='ocrx_word' id='word_1_112' title='bbox 921 952 952 991; x_wconf 89' lang='lat' dir='ltr'><strong>si</strong></span> <span class='ocrx_word' id='word_1_113' title='bbox 987 959 1031 990; x_wconf 86' lang='lat' dir='ltr'><strong>ut</strong></span> <span class='ocrx_word' id='word_1_114' title='bbox 1062 951 1166 991; x_wconf 90' lang='lat' dir='ltr'><strong>illius</strong></span> <span class='ocrx_word' id='word_1_115' title='bbox 1194 949 1315 990; x_wconf 83' lang='lat' dir='ltr'><strong>aetatis</strong></span> 
     </span>
     <span class='ocr_line' id='line_1_17' title="bbox 199 1003 1315 1058; baseline 0.001 -17"><span class='ocrx_word' id='word_1_116' title='bbox 199 1003 425 1055; x_wconf 81' lang='lat' dir='ltr'><strong>principem,</strong></span> <span class='ocrx_word' id='word_1_117' title='bbox 455 1005 636 1044; x_wconf 89' lang='lat' dir='ltr'><strong>assentior</strong></span> <span class='ocrx_word' id='word_1_118' title='bbox 652 1020 664 1052; x_wconf 78' lang='lat'>3</span> <span class='ocrx_word' id='word_1_119' title='bbox 694 1006 746 1045; x_wconf 91' lang='lat' dir='ltr'><strong>sic</strong></span> <span class='ocrx_word' id='word_1_120' title='bbox 776 1005 880 1046; x_wconf 90' lang='lat' dir='ltr'><strong>enim</strong></span> <span class='ocrx_word' id='word_1_121' title='bbox 909 1006 1122 1058; x_wconf 88' lang='lat' dir='ltr'><strong>accepimus</strong></span> <span class='ocrx_word' id='word_1_122' title='bbox 1138 1020 1150 1044; x_wconf 69' lang='grc' dir='ltr'>ε</span> <span class='ocrx_word' id='word_1_123' title='bbox 1179 1004 1238 1043; x_wconf 86' lang='lat' dir='ltr'><strong>sin</strong></span> <span class='ocrx_word' id='word_1_124' title='bbox 1269 1010 1315 1043; x_wconf 84' lang='lat' dir='ltr'><strong>ut</strong></span> 
     </span>
     <span class='ocr_line' id='line_1_18' title="bbox 198 1057 1313 1110; baseline 0.002 -16"><span class='ocrx_word' id='word_1_125' title='bbox 198 1064 401 1105; x_wconf 87' lang='lat' dir='ltr'><strong>oratorem,</strong></span> <span class='ocrx_word' id='word_1_126' title='bbox 418 1058 524 1106; x_wconf 91' lang='lat' dir='ltr'><strong>cedo,</strong></span> <span class='ocrx_word' id='word_1_127' title='bbox 546 1072 687 1110; x_wconf 89' lang='lat' dir='ltr'><strong>quaeso,</strong></span> <span class='ocrx_word' id='word_1_128' title='bbox 708 1060 893 1098; x_wconf 88' lang='lat' dir='ltr'><strong>orationes</strong></span> <span class='ocrx_word' id='word_1_129' title='bbox 913 1063 1021 1103; x_wconf 88' lang='lat' dir='ltr'><strong>(sunt</strong></span> <span class='ocrx_word' id='word_1_130' title='bbox 1035 1059 1169 1107; x_wconf 90' lang='lat' dir='ltr'><strong>enim),</strong></span> <span class='ocrx_word' id='word_1_131' title='bbox 1183 1065 1220 1097; x_wconf 89' lang='lat' dir='ltr'><strong>et</strong></span> <span class='ocrx_word' id='word_1_132' title='bbox 1237 1057 1313 1104; x_wconf 83' lang='lat' dir='ltr'><strong>dic,</strong></span> 
     </span>
     <span class='ocr_line' id='line_1_19' title="bbox 199 1110 1315 1164; baseline 0.002 -16"><span class='ocrx_word' id='word_1_133' title='bbox 199 1110 319 1158; x_wconf 91' lang='lat' dir='ltr'><strong>hunc,</strong></span> <span class='ocrx_word' id='word_1_134' title='bbox 339 1124 455 1163; x_wconf 91' lang='lat' dir='ltr'><strong>quem</strong></span> <span class='ocrx_word' id='word_1_135' title='bbox 475 1119 517 1150; x_wconf 89' lang='lat' dir='ltr'><strong>tu</strong></span> <span class='ocrx_word' id='word_1_136' title='bbox 529 1114 617 1163; x_wconf 88' lang='lat' dir='ltr'><strong>plus</strong></span> <span class='ocrx_word' id='word_1_137' title='bbox 632 1127 750 1164; x_wconf 89' lang='lat' dir='ltr'><strong>quam</strong></span> <span class='ocrx_word' id='word_1_138' title='bbox 768 1121 806 1152; x_wconf 91' lang='lat' dir='ltr'><strong>te</strong></span> <span class='ocrx_word' id='word_1_139' title='bbox 823 1126 942 1160; x_wconf 88' lang='lat' dir='ltr'><strong>amas,</strong></span> <span class='ocrx_word' id='word_1_140' title='bbox 962 1114 1147 1161; x_wconf 89' lang='lat' dir='ltr'><strong>Brutum,</strong></span> <span class='ocrx_word' id='word_1_141' title='bbox 1167 1112 1263 1151; x_wconf 90' lang='lat' dir='ltr'><strong>velle</strong></span> <span class='ocrx_word' id='word_1_142' title='bbox 1276 1118 1315 1150; x_wconf 90' lang='lat' dir='ltr'><strong>te</strong></span> 
     </span>
     <span class='ocr_line' id='line_1_20' title="bbox 199 1164 1313 1219; baseline 0.002 -18"><span class='ocrx_word' id='word_1_143' title='bbox 199 1164 267 1202; x_wconf 91' lang='lat' dir='ltr'><strong>illo</strong></span> <span class='ocrx_word' id='word_1_144' title='bbox 289 1165 403 1203; x_wconf 93' lang='lat' dir='ltr'><strong>modo</strong></span> <span class='ocrx_word' id='word_1_145' title='bbox 421 1165 555 1204; x_wconf 90' lang='lat' dir='ltr'><strong>dicere.</strong></span> <span class='ocrx_word' id='word_1_146' title='bbox 592 1167 736 1206; x_wconf 84' lang='lat' dir='ltr'><strong>Probas</strong></span> <span class='ocrx_word' id='word_1_147' title='bbox 755 1167 895 1219; x_wconf 85' lang='lat' dir='ltr'><strong>Lepidi</strong></span> <span class='ocrx_word' id='word_1_148' title='bbox 913 1167 1122 1205; x_wconf 79' lang='lat' dir='ltr'><strong>orationes:</strong></span> <span class='ocrx_word' id='word_1_149' title='bbox 1151 1166 1313 1217; x_wconf 88' lang='lat' dir='ltr'><strong>paulum</strong></span> 
     </span>
     <span class='ocr_line' id='line_1_21' title="bbox 199 1217 1312 1271; baseline 0.002 -16"><span class='ocrx_word' id='word_1_150' title='bbox 199 1217 265 1256; x_wconf 81' lang='lat' dir='ltr'><strong>hic</strong></span> <span class='ocrx_word' id='word_1_151' title='bbox 301 1218 371 1256; x_wconf 86' lang='lat' dir='ltr'><strong>tibi</strong></span> <span class='ocrx_word' id='word_1_152' title='bbox 403 1220 598 1267; x_wconf 90' lang='lat' dir='ltr'><strong>assentior,</strong></span> <span class='ocrx_word' id='word_1_153' title='bbox 632 1221 747 1259; x_wconf 86' lang='lat' dir='ltr'><strong>modo</strong></span> <span class='ocrx_word' id='word_1_154' title='bbox 775 1220 830 1259; x_wconf 85' lang='lat' dir='ltr'><strong>ita</strong></span> <span class='ocrx_word' id='word_1_155' title='bbox 857 1220 1002 1268; x_wconf 88' lang='lat' dir='ltr'><strong>laudes,</strong></span> <span class='ocrx_word' id='word_1_156' title='bbox 1033 1227 1078 1258; x_wconf 87' lang='lat' dir='ltr'><strong>ut</strong></span> <span class='ocrx_word' id='word_1_157' title='bbox 1108 1219 1283 1271; x_wconf 88' lang='lat' dir='ltr'><strong>antiquas</strong></span> <span class='ocrx_word' id='word_1_158' title='bbox 1299 1233 1312 1257; x_wconf 72' lang='lat' dir='ltr'>z</span> 
     </span>
     <span class='ocr_line' id='line_1_22' title="bbox 199 1271 1314 1323; baseline 0.001 -14"><span class='ocrx_word' id='word_1_159' title='bbox 199 1271 306 1323; x_wconf 89' lang='lat' dir='ltr'><strong>quod</strong></span> <span class='ocrx_word' id='word_1_160' title='bbox 324 1272 417 1310; x_wconf 91' lang='lat' dir='ltr'><strong>item</strong></span> <span class='ocrx_word' id='word_1_161' title='bbox 435 1273 483 1311; x_wconf 92' lang='lat' dir='ltr'><strong>de</strong></span> <span class='ocrx_word' id='word_1_162' title='bbox 501 1273 699 1323; x_wconf 86' lang='lat' dir='ltr'><strong>Africano,</strong></span> <span class='ocrx_word' id='word_1_163' title='bbox 720 1275 767 1313; x_wconf 85' lang='lat' dir='ltr'><strong>de</strong></span> <span class='ocrx_word' id='word_1_164' title='bbox 786 1274 922 1322; x_wconf 86' lang='lat' dir='ltr'><strong>Laelio,</strong></span> <span class='ocrx_word' id='word_1_165' title='bbox 942 1275 1051 1323; x_wconf 87' lang='lat' dir='ltr'><strong>cujus</strong></span> <span class='ocrx_word' id='word_1_166' title='bbox 1075 1280 1119 1311; x_wconf 86' lang='lat' dir='ltr'><strong>tu</strong></span> <span class='ocrx_word' id='word_1_167' title='bbox 1146 1273 1314 1312; x_wconf 82' lang='lat' dir='ltr'><strong>oratione</strong></span> 
     </span>
     <span class='ocr_line' id='line_1_23' title="bbox 199 1326 1315 1379; baseline 0.001 -16"><span class='ocrx_word' id='word_1_168' title='bbox 199 1337 316 1376; x_wconf 84' lang='lat' dir='ltr'><strong>negas</strong></span> <span class='ocrx_word' id='word_1_169' title='bbox 334 1326 416 1364; x_wconf 85' lang='lat' dir='ltr'><strong>fieri</strong></span> <span class='ocrx_word' id='word_1_170' title='bbox 434 1327 645 1379; x_wconf 85' lang='lat' dir='ltr'><strong>quidquam</strong></span> <span class='ocrx_word' id='word_1_171' title='bbox 659 1341 768 1379; x_wconf 91' lang='lat' dir='ltr'><strong>posse</strong></span> <span class='ocrx_word' id='word_1_172' title='bbox 786 1328 946 1367; x_wconf 87' lang='lat' dir='ltr'><strong>dulcius.</strong></span> <span class='ocrx_word' id='word_1_173' title='bbox 975 1327 1099 1365; x_wconf 83' lang='lat' dir='ltr'><strong>Addis</strong></span> <span class='ocrx_word' id='word_1_174' title='bbox 1115 1327 1229 1365; x_wconf 88' lang='lat' dir='ltr'><strong>etiam</strong></span> <span class='ocrx_word' id='word_1_175' title='bbox 1247 1339 1315 1364; x_wconf 86' lang='lat' dir='ltr'><strong>ne-</strong></span> 
     </span>
     <span class='ocr_line' id='line_1_24' title="bbox 198 1379 1312 1432; baseline 0.002 -16"><span class='ocrx_word' id='word_1_176' title='bbox 198 1379 275 1417; x_wconf 83' lang='lat' dir='ltr'><strong>scio</strong></span> <span class='ocrx_word' id='word_1_177' title='bbox 294 1379 388 1430; x_wconf 88' lang='lat' dir='ltr'><strong>quid</strong></span> <span class='ocrx_word' id='word_1_178' title='bbox 412 1382 638 1431; x_wconf 84' lang='lat' dir='ltr'><strong>augustius:</strong></span> <span class='ocrx_word' id='word_1_179' title='bbox 667 1382 823 1421; x_wconf 89' lang='lat' dir='ltr'><strong>nomine</strong></span> <span class='ocrx_word' id='word_1_180' title='bbox 847 1394 916 1420; x_wconf 90' lang='lat' dir='ltr'><strong>nos</strong></span> <span class='ocrx_word' id='word_1_181' title='bbox 935 1381 1037 1432; x_wconf 87' lang='lat' dir='ltr'><strong>capis</strong></span> <span class='ocrx_word' id='word_1_182' title='bbox 1056 1380 1198 1419; x_wconf 88' lang='lat' dir='ltr'><strong>summi</strong></span> <span class='ocrx_word' id='word_1_183' title='bbox 1226 1380 1312 1427; x_wconf 89' lang='lat' dir='ltr'><strong>viri,</strong></span> 
     </span>
     <span class='ocr_line' id='line_1_25' title="bbox 199 1433 1315 1485; baseline 0.002 -15"><span class='ocrx_word' id='word_1_184' title='bbox 199 1433 364 1484; x_wconf 84' lang='lat' dir='ltr'><strong>vitaeque</strong></span> <span class='ocrx_word' id='word_1_185' title='bbox 383 1434 670 1485; x_wconf 64' lang='lat' dir='ltr'><strong>elegantissimae</strong></span> <span class='ocrx_word' id='word_1_186' title='bbox 689 1436 891 1474; x_wconf 88' lang='lat' dir='ltr'><strong>verissimis</strong></span> <span class='ocrx_word' id='word_1_187' title='bbox 912 1435 1103 1474; x_wconf 86' lang='lat' dir='ltr'><strong>laudibus.</strong></span> <span class='ocrx_word' id='word_1_188' title='bbox 1143 1435 1315 1472; x_wconf 88' lang='lat' dir='ltr'><strong>Remove</strong></span> 
     </span>
     <span class='ocr_line' id='line_1_26' title="bbox 199 1485 1316 1539; baseline 0.001 -15"><span class='ocrx_word' id='word_1_189' title='bbox 199 1485 304 1525; x_wconf 87' lang='lat' dir='ltr'><strong>haec:</strong></span> <span class='ocrx_word' id='word_1_190' title='bbox 326 1499 386 1525; x_wconf 88' lang='lat' dir='ltr'><strong>nae</strong></span> <span class='ocrx_word' id='word_1_191' title='bbox 403 1487 476 1526; x_wconf 88' lang='lat' dir='ltr'><strong>ista</strong></span> <span class='ocrx_word' id='word_1_192' title='bbox 493 1489 616 1528; x_wconf 88' lang='lat' dir='ltr'><strong>dulcis</strong></span> <span class='ocrx_word' id='word_1_193' title='bbox 635 1490 753 1529; x_wconf 92' lang='lat' dir='ltr'><strong>oratio</strong></span> <span class='ocrx_word' id='word_1_194' title='bbox 771 1489 825 1527; x_wconf 89' lang='lat' dir='ltr'><strong>ita</strong></span> <span class='ocrx_word' id='word_1_195' title='bbox 843 1489 890 1528; x_wconf 87' lang='lat' dir='ltr'><strong>sit</strong></span> <span class='ocrx_word' id='word_1_196' title='bbox 909 1490 1069 1539; x_wconf 84' lang='lat' dir='ltr'><strong>abjecta,</strong></span> <span class='ocrx_word' id='word_1_197' title='bbox 1088 1494 1133 1526; x_wconf 85' lang='lat' dir='ltr'><strong>ut</strong></span> <span class='ocrx_word' id='word_1_198' title='bbox 1151 1500 1234 1526; x_wconf 88' lang='lat' dir='ltr'><strong>eam</strong></span> <span class='ocrx_word' id='word_1_199' title='bbox 1247 1487 1316 1525; x_wconf 82' lang='lat' dir='ltr'><strong>ad-</strong></span> 
     </span>
     <span class='ocr_line' id='line_1_27' title="bbox 201 1540 1316 1590; baseline 0.001 -13"><span class='ocrx_word' id='word_1_200' title='bbox 201 1540 343 1590; x_wconf 83' lang='lat' dir='ltr'><strong>spicere</strong></span> <span class='ocrx_word' id='word_1_201' title='bbox 360 1553 473 1580; x_wconf 90' lang='lat' dir='ltr'><strong>nemo</strong></span> <span class='ocrx_word' id='word_1_202' title='bbox 492 1543 593 1582; x_wconf 87' lang='lat' dir='ltr'><strong>velit.</strong></span> <span class='ocrx_word' id='word_1_203' title='bbox 625 1541 840 1582; x_wconf 88' lang='lat' dir='ltr'><strong>Carbonem</strong></span> <span class='ocrx_word' id='word_1_204' title='bbox 857 1544 900 1581; x_wconf 90' lang='lat' dir='ltr'><strong>in</strong></span> <span class='ocrx_word' id='word_1_205' title='bbox 918 1543 1078 1582; x_wconf 90' lang='lat' dir='ltr'><strong>summis</strong></span> <span class='ocrx_word' id='word_1_206' title='bbox 1105 1541 1316 1581; x_wconf 80' lang='lat' dir='ltr'><strong>oratoribus</strong></span> 
     </span>
     <span class='ocr_line' id='line_1_28' title="bbox 201 1593 1315 1645; baseline 0.002 -15"><span class='ocrx_word' id='word_1_207' title='bbox 201 1593 379 1633; x_wconf 88' lang='lat' dir='ltr'><strong>habitum</strong></span> <span class='ocrx_word' id='word_1_208' title='bbox 398 1596 473 1634; x_wconf 89' lang='lat' dir='ltr'><strong>scio</strong></span> <span class='ocrx_word' id='word_1_209' title='bbox 490 1611 500 1634; x_wconf 91' lang='lat'>:</span> <span class='ocrx_word' id='word_1_210' title='bbox 523 1597 603 1645; x_wconf 85' lang='lat' dir='ltr'><strong>sed,</strong></span> <span class='ocrx_word' id='word_1_211' title='bbox 618 1610 707 1635; x_wconf 90' lang='lat' dir='ltr'><strong>cum</strong></span> <span class='ocrx_word' id='word_1_212' title='bbox 724 1598 766 1636; x_wconf 91' lang='lat' dir='ltr'><strong>in</strong></span> <span class='ocrx_word' id='word_1_213' title='bbox 784 1597 926 1636; x_wconf 78' lang='lat' dir='ltr'><strong>caeteris</strong></span> <span class='ocrx_word' id='word_1_214' title='bbox 944 1599 1071 1644; x_wconf 89' lang='lat' dir='ltr'><strong>rebus,</strong></span> <span class='ocrx_word' id='word_1_215' title='bbox 1091 1602 1176 1633; x_wconf 85' lang='lat' dir='ltr'><strong>tum</strong></span> <span class='ocrx_word' id='word_1_216' title='bbox 1194 1595 1235 1632; x_wconf 92' lang='lat' dir='ltr'><strong>in</strong></span> <span class='ocrx_word' id='word_1_217' title='bbox 1255 1594 1315 1632; x_wconf 88' lang='lat' dir='ltr'><strong>di-</strong></span> 
     </span>
     <span class='ocr_line' id='line_1_29' title="bbox 198 1647 1315 1702; baseline 0.002 -18"><span class='ocrx_word' id='word_1_218' title='bbox 198 1647 331 1695; x_wconf 84' lang='lat' dir='ltr'><strong>cendo,</strong></span> <span class='ocrx_word' id='word_1_219' title='bbox 346 1662 507 1700; x_wconf 87' lang='lat' dir='ltr'><strong>semper,</strong></span> <span class='ocrx_word' id='word_1_220' title='bbox 524 1664 601 1702; x_wconf 89' lang='lat' dir='ltr'><strong>quo</strong></span> <span class='ocrx_word' id='word_1_221' title='bbox 614 1651 712 1689; x_wconf 90' lang='lat' dir='ltr'><strong>nihil</strong></span> <span class='ocrx_word' id='word_1_222' title='bbox 726 1658 781 1690; x_wconf 87' lang='lat' dir='ltr'><strong>est</strong></span> <span class='ocrx_word' id='word_1_223' title='bbox 792 1651 943 1700; x_wconf 90' lang='lat' dir='ltr'><strong>melius,</strong></span> <span class='ocrx_word' id='word_1_224' title='bbox 958 1650 999 1687; x_wconf 92' lang='lat' dir='ltr'><strong>id</strong></span> <span class='ocrx_word' id='word_1_225' title='bbox 1008 1648 1169 1697; x_wconf 85' lang='lat' dir='ltr'><strong>laudari,</strong></span> <span class='ocrx_word' id='word_1_226' title='bbox 1183 1648 1315 1700; x_wconf 86' lang='lat' dir='ltr'><strong>quale-</strong></span> 
     </span>
     <span class='ocr_line' id='line_1_30' title="bbox 199 1701 1314 1752; baseline 0 -13"><span class='ocrx_word' id='word_1_227' title='bbox 199 1713 367 1752; x_wconf 90' lang='lat' dir='ltr'><strong>cumque</strong></span> <span class='ocrx_word' id='word_1_228' title='bbox 386 1710 454 1751; x_wconf 88' lang='lat' dir='ltr'><strong>est,</strong></span> <span class='ocrx_word' id='word_1_229' title='bbox 475 1705 581 1743; x_wconf 82' lang='lat' dir='ltr'><strong>solet.</strong></span> <span class='ocrx_word' id='word_1_230' title='bbox 625 1704 724 1743; x_wconf 90' lang='lat' dir='ltr'><strong>Dico</strong></span> <span class='ocrx_word' id='word_1_231' title='bbox 752 1705 856 1743; x_wconf 90' lang='lat' dir='ltr'><strong>idem</strong></span> <span class='ocrx_word' id='word_1_232' title='bbox 874 1704 922 1743; x_wconf 91' lang='lat' dir='ltr'><strong>de</strong></span> <span class='ocrx_word' id='word_1_233' title='bbox 942 1703 1148 1749; x_wconf 77' lang='lat' dir='ltr'><strong>Gracchis3</strong></span> <span class='ocrx_word' id='word_1_234' title='bbox 1178 1702 1248 1740; x_wconf 85' lang='lat' dir='ltr'><strong>etsi</strong></span> <span class='ocrx_word' id='word_1_235' title='bbox 1265 1701 1314 1740; x_wconf 90' lang='lat' dir='ltr'><strong>de</strong></span> 
     </span>
     <span class='ocr_line' id='line_1_31' title="bbox 199 1753 1314 1810; baseline 0.002 -19"><span class='ocrx_word' id='word_1_236' title='bbox 199 1753 246 1792; x_wconf 90' lang='lat' dir='ltr'><strong>iis</strong></span> <span class='ocrx_word' id='word_1_237' title='bbox 266 1768 310 1793; x_wconf 89' lang='lat' dir='ltr'><strong>ea</strong></span> <span class='ocrx_word' id='word_1_238' title='bbox 328 1764 418 1795; x_wconf 87' lang='lat' dir='ltr'><strong>sunt</strong></span> <span class='ocrx_word' id='word_1_239' title='bbox 441 1770 465 1794; x_wconf 91' lang='lat' dir='ltr'><strong>a</strong></span> <span class='ocrx_word' id='word_1_240' title='bbox 491 1764 529 1796; x_wconf 86' lang='lat' dir='ltr'><strong>te</strong></span> <span class='ocrx_word' id='word_1_241' title='bbox 547 1758 661 1806; x_wconf 85' lang='lat' dir='ltr'><strong>dicta,</strong></span> <span class='ocrx_word' id='word_1_242' title='bbox 683 1758 823 1810; x_wconf 90' lang='lat' dir='ltr'><strong>quibus</strong></span> <span class='ocrx_word' id='word_1_243' title='bbox 843 1770 912 1808; x_wconf 88' lang='lat' dir='ltr'><strong>ego</strong></span> <span class='ocrx_word' id='word_1_244' title='bbox 929 1757 1122 1795; x_wconf 87' lang='lat' dir='ltr'><strong>assentior.</strong></span> <span class='ocrx_word' id='word_1_245' title='bbox 1161 1755 1314 1795; x_wconf 82' lang='lat' dir='ltr'><strong>Omitto</strong></span> 
     </span>
     <span class='ocr_line' id='line_1_32' title="bbox 199 1809 1315 1864; baseline 0.001 -19"><span class='ocrx_word' id='word_1_246' title='bbox 199 1816 375 1847; x_wconf 87' lang='lat' dir='ltr'><strong>caeteros:</strong></span> <span class='ocrx_word' id='word_1_247' title='bbox 406 1810 516 1849; x_wconf 90' lang='lat' dir='ltr'><strong>venio</strong></span> <span class='ocrx_word' id='word_1_248' title='bbox 535 1811 583 1849; x_wconf 88' lang='lat' dir='ltr'><strong>ad</strong></span> <span class='ocrx_word' id='word_1_249' title='bbox 596 1824 671 1860; x_wconf 88' lang='lat' dir='ltr'><strong>eos,</strong></span> <span class='ocrx_word' id='word_1_250' title='bbox 685 1812 725 1849; x_wconf 92' lang='lat' dir='ltr'><strong>in</strong></span> <span class='ocrx_word' id='word_1_251' title='bbox 745 1812 884 1864; x_wconf 87' lang='lat' dir='ltr'><strong>quibus</strong></span> <span class='ocrx_word' id='word_1_252' title='bbox 899 1812 982 1860; x_wconf 88' lang='lat' dir='ltr'><strong>jam</strong></span> <span class='ocrx_word' id='word_1_253' title='bbox 1007 1809 1212 1861; x_wconf 87' lang='lat' dir='ltr'><strong>perfectam</strong></span> <span class='ocrx_word' id='word_1_254' title='bbox 1240 1822 1315 1860; x_wconf 91' lang='lat' dir='ltr'><strong>pu-</strong></span> 
     </span>
     <span class='ocr_line' id='line_1_33' title="bbox 199 1864 1314 1916; baseline 0.001 -17"><span class='ocrx_word' id='word_1_255' title='bbox 199 1868 257 1899; x_wconf 83' lang='lat' dir='ltr'><strong>tas</strong></span> <span class='ocrx_word' id='word_1_256' title='bbox 277 1875 355 1900; x_wconf 83' lang='lat' dir='ltr'><strong>esse</strong></span> <span class='ocrx_word' id='word_1_257' title='bbox 373 1864 641 1914; x_wconf 88' lang='lat' dir='ltr'><strong>eloquentiam,</strong></span> <span class='ocrx_word' id='word_1_258' title='bbox 660 1878 755 1916; x_wconf 91' lang='lat' dir='ltr'><strong>quos</strong></span> <span class='ocrx_word' id='word_1_259' title='bbox 770 1877 840 1916; x_wconf 87' lang='lat' dir='ltr'><strong>ego</strong></span> <span class='ocrx_word' id='word_1_260' title='bbox 860 1864 988 1902; x_wconf 87' lang='lat' dir='ltr'><strong>audivi</strong></span> <span class='ocrx_word' id='word_1_261' title='bbox 1007 1864 1086 1901; x_wconf 90' lang='lat' dir='ltr'><strong>sine</strong></span> <span class='ocrx_word' id='word_1_262' title='bbox 1101 1869 1314 1901; x_wconf 89' lang='lat' dir='ltr'><strong>controver-</strong></span> 
     </span>
     <span class='ocr_line' id='line_1_34' title="bbox 199 1915 1314 1967; baseline 0.002 -15"><span class='ocrx_word' id='word_1_263' title='bbox 199 1915 256 1952; x_wconf 67' lang='lat' dir='ltr'><strong>sia</strong></span> <span class='ocrx_word' id='word_1_264' title='bbox 273 1928 432 1967; x_wconf 87' lang='lat' dir='ltr'><strong>magnos</strong></span> <span class='ocrx_word' id='word_1_265' title='bbox 450 1925 627 1967; x_wconf 87' lang='lat' dir='ltr'><strong>oratores,</strong></span> <span class='ocrx_word' id='word_1_266' title='bbox 651 1918 832 1958; x_wconf 89' lang='lat' dir='ltr'><strong>Crassum</strong></span> <span class='ocrx_word' id='word_1_267' title='bbox 851 1926 888 1956; x_wconf 82' lang='lat' dir='ltr'><strong>et</strong></span> <span class='ocrx_word' id='word_1_268' title='bbox 905 1917 1136 1955; x_wconf 83' lang='lat' dir='ltr'><strong>Antonium.</strong></span> <span class='ocrx_word' id='word_1_269' title='bbox 1163 1916 1226 1954; x_wconf 94' lang='lat' dir='ltr'><strong>De</strong></span> <span class='ocrx_word' id='word_1_270' title='bbox 1243 1915 1314 1954; x_wconf 89' lang='lat' dir='ltr'><strong>ho-</strong></span> 
     </span>
     <span class='ocr_line' id='line_1_35' title="bbox 199 1970 1314 2022; baseline 0.001 -16"><span class='ocrx_word' id='word_1_271' title='bbox 199 1981 287 2007; x_wconf 89' lang='lat' dir='ltr'><strong>rum</strong></span> <span class='ocrx_word' id='word_1_272' title='bbox 306 1970 484 2009; x_wconf 87' lang='lat' dir='ltr'><strong>laudibus</strong></span> <span class='ocrx_word' id='word_1_273' title='bbox 502 1971 572 2010; x_wconf 84' lang='lat' dir='ltr'><strong>tibi</strong></span> <span class='ocrx_word' id='word_1_274' title='bbox 595 1985 749 2022; x_wconf 89' lang='lat' dir='ltr'><strong>prorsus</strong></span> <span class='ocrx_word' id='word_1_275' title='bbox 768 1971 973 2011; x_wconf 85' lang='lat' dir='ltr'><strong>assentior:</strong></span> <span class='ocrx_word' id='word_1_276' title='bbox 1004 1970 1068 2009; x_wconf 87' lang='lat' dir='ltr'><strong>sed</strong></span> <span class='ocrx_word' id='word_1_277' title='bbox 1090 1978 1218 2008; x_wconf 85' lang='lat' dir='ltr'><strong>tamen</strong></span> <span class='ocrx_word' id='word_1_278' title='bbox 1236 1981 1314 2007; x_wconf 89' lang='lat' dir='ltr'><strong>non</strong></span> 
     </span>
     <span class='ocr_line' id='line_1_36' title="bbox 198 2022 1314 2078; baseline 0.001 -19"><span class='ocrx_word' id='word_1_279' title='bbox 198 2022 271 2060; x_wconf 88' lang='lat' dir='ltr'><strong>isto</strong></span> <span class='ocrx_word' id='word_1_280' title='bbox 294 2024 422 2073; x_wconf 88' lang='lat' dir='ltr'><strong>modo,</strong></span> <span class='ocrx_word' id='word_1_281' title='bbox 449 2032 494 2063; x_wconf 87' lang='lat' dir='ltr'><strong>ut</strong></span> <span class='ocrx_word' id='word_1_282' title='bbox 519 2025 705 2077; x_wconf 87' lang='lat' dir='ltr'><strong>Polycleti</strong></span> <span class='ocrx_word' id='word_1_283' title='bbox 724 2025 1000 2078; x_wconf 87' lang='lat' dir='ltr'><strong>Doryphorum</strong></span> <span class='ocrx_word' id='word_1_284' title='bbox 1019 2023 1091 2062; x_wconf 89' lang='lat' dir='ltr'><strong>sibi</strong></span> <span class='ocrx_word' id='word_1_285' title='bbox 1119 2022 1314 2075; x_wconf 86' lang='lat' dir='ltr'><strong>Lysippus</strong></span> 
     </span>
     <span class='ocr_line' id='line_1_37' title="bbox 197 2075 1313 2131; baseline 0 -18"><span class='ocrx_word' id='word_1_286' title='bbox 197 2075 337 2125; x_wconf 78' lang='lat' dir='ltr'><strong>aiebat,</strong></span> <span class='ocrx_word' id='word_1_287' title='bbox 354 2078 405 2116; x_wconf 90' lang='lat' dir='ltr'><strong>sic</strong></span> <span class='ocrx_word' id='word_1_288' title='bbox 420 2085 462 2117; x_wconf 86' lang='lat' dir='ltr'><strong>tu</strong></span> <span class='ocrx_word' id='word_1_289' title='bbox 476 2079 691 2118; x_wconf 83' lang='lat' dir='ltr'><strong>suasionem</strong></span> <span class='ocrx_word' id='word_1_290' title='bbox 709 2079 804 2131; x_wconf 87' lang='lat' dir='ltr'><strong>legis</strong></span> <span class='ocrx_word' id='word_1_291' title='bbox 823 2078 992 2118; x_wconf 80' lang='lat' dir='ltr'><strong>Serviliae</strong></span> <span class='ocrx_word' id='word_1_292' title='bbox 1005 2077 1076 2116; x_wconf 87' lang='lat' dir='ltr'><strong>tibi</strong></span> <span class='ocrx_word' id='word_1_293' title='bbox 1089 2076 1313 2128; x_wconf 85' lang='lat' dir='ltr'><strong>magistram</strong></span> 
     </span>
     <span class='ocr_line' id='line_1_38' title="bbox 197 2128 1311 2184; baseline 0 -16"><span class='ocrx_word' id='word_1_294' title='bbox 197 2128 327 2169; x_wconf 77' lang='lat' dir='ltr'><strong>fuisse.</strong></span> <span class='ocrx_word' id='word_1_295' title='bbox 367 2131 465 2171; x_wconf 87' lang='lat' dir='ltr'><strong>Haec</strong></span> <span class='ocrx_word' id='word_1_296' title='bbox 480 2145 664 2184; x_wconf 86' lang='lat' dir='ltr'><strong>germana</strong></span> <span class='ocrx_word' id='word_1_297' title='bbox 680 2133 803 2173; x_wconf 88' lang='lat' dir='ltr'><strong>ironia</strong></span> <span class='ocrx_word' id='word_1_298' title='bbox 825 2141 894 2173; x_wconf 87' lang='lat' dir='ltr'><strong>est.</strong></span> <span class='ocrx_word' id='word_1_299' title='bbox 937 2132 1023 2174; x_wconf 83' lang='lat' dir='ltr'><strong>Cur</strong></span> <span class='ocrx_word' id='word_1_300' title='bbox 1049 2131 1105 2170; x_wconf 85' lang='lat' dir='ltr'><strong>ita</strong></span> <span class='ocrx_word' id='word_1_301' title='bbox 1135 2128 1311 2178; x_wconf 84' lang='lat' dir='ltr'><strong>sentiam,</strong></span> 
     </span>
    </p>
   </div>
  </div>
 </body>
</html>
