1428 2308
224 87 299 129 DE
330 88 714 138 INVENTIONE,
747 89 843 128 Lm.
863 90 895 127 Ι.
925 87 1108 127 chunst
1171 88 1221 124 43

122 205 184 235 tur
202 196 390 257 proferent
408 196 551 248 aliquid
574 196 816 246 hujusmodi:
849 195 1042 242 Quoniam
1066 194 1222 245 peperit,

122 263 211 288 cum
232 250 310 288 viro
328 250 551 294 concubuit;
577 250 772 288 inventum
793 250 993 300 proferent,
1013 260 1090 285 non
1110 260 1224 297 expo-

122 303 320 341 litionem.
361 315 429 341 nos
460 311 587 341 autem
619 303 665 341 de
698 303 933 354 expolitionis
965 301 1134 352 partibus
1170 300 1225 337 lo-

124 356 290 407 quimur.

179 408 293 446 XLI.
324 408 434 446 Nihil
456 408 571 459 igitur
593 408 641 446 ad
659 409 756 446 hanc
774 421 852 446 rem
872 408 965 446 ratio
983 408 1049 445 illa
1067 406 1227 457 pertine-

127 462 206 499 bit:
237 469 350 512 atque
368 461 439 500 hac
456 462 705 522 distinctione,
728 462 803 499 alia
826 474 990 512 quoque,
1016 473 1101 511 quae
1126 458 1227 496 vide-

128 515 272 552 buntur
290 514 434 552 officere
452 514 541 553 huic
558 515 763 566 partitioni,
784 514 1101 565 propulsabimus,
1118 512 1148 549 si
1163 512 1229 562 qui

129 575 195 605 aut
222 567 490 606 assumtionem
517 568 720 619 aliquando
747 568 828 605 tolli
853 580 959 618 posse
986 574 1133 617 putent,
1165 572 1231 602 aut

130 620 433 671 propositionem.
480 620 579 667 Quae
611 622 642 658 si
674 621 766 672 quid
798 621 911 658 habet
942 618 1135 671 probabile
1166 625 1231 655 aut

131 673 395 720 necessarium,
423 686 577 724 quoquo
605 674 718 711 modo
744 680 977 711 commoveat
1006 672 1229 718 auditorem,

131 738 278 764 necesse
297 733 362 764 est.
392 725 509 773 Quod
528 727 558 764 si
577 727 699 764 solum
715 734 954 786 spectaretur,
975 738 1017 762 ac
1031 725 1140 771 nihil,
1157 737 1233 775 quo

132 786 241 830 pacto
261 786 479 817 tractaretur
492 779 532 816 id
545 779 648 830 quod
663 779 917 830 excogitatum
931 785 1038 826 esset,
1057 777 1230 815 referret·
1220 805 1231 821 ‚

134 845 376 892 nequaquam
396 839 545 870 tantum
562 833 659 870 inter
677 845 845 870 summos
863 839 1024 870 oratores
1039 838 1075 868 et
1092 830 1234 868 medio-

133 897 212 923 cres
237 885 410 922 interesse
437 885 724 923 existimaretur.
764 885 923 922 Variare
948 892 1075 922 autem
1101 883 1235 921 oratio-

134 950 223 975 nem
240 949 467 988 magnopere
485 939 692 988 oportebit:
723 951 827 986 nam,
848 937 1024 976 omnibus
1045 937 1085 974 in
1111 938 1235 983 rebus,

136 990 344 1028 similitudo
373 998 428 1028 est
457 991 634 1029 satietatis
662 999 793 1029 mater.
841 991 890 1028 Id
920 991 1000 1028 fieri
1027 990 1175 1041 poterit,
1207 990 1238 1026 si

136 1056 212 1081 non
236 1043 407 1081 similiter
432 1056 579 1094 semper
604 1045 860 1094 ingrediamur
885 1044 925 1081 in
947 1043 1238 1094 argumentatio-

135 1109 238 1134 nem.
268 1097 306 1134 N
310 1109 388 1145 am,
403 1097 571 1158 primum
585 1097 772 1145 omnium,
793 1096 991 1148 generibus
1005 1096 1094 1147 ipsis
1108 1095 1239 1132 distin-

137 1162 253 1200 guere
278 1149 450 1187 convenit
475 1150 707 1196 orationem;
737 1150 808 1188 hoc
831 1156 898 1197 est,
922 1157 1006 1186 tum
1025 1148 1240 1186 inductione

136 1202 210 1250 1111,
231 1210 314 1240 111111
332 1202 621 1240 ratiocinatione.
658 1202 852 1262 Deinde,
842 1215 881 1239 m
900 1202 983 1253 ipsa
1001 1210 1240 1252 argumenta-

140 1255 254 1315 tione,
274 1267 350 1293 non
364 1268 510 1306 semper
524 1269 546 1293 a
559 1256 809 1307 propositione
822 1255 999 1306 incipere,
1015 1268 1082 1292 nec
1097 1267 1240 1305 semper

139 1308 310 1359 quinque
336 1309 505 1359 partibus
531 1309 651 1356 abuti,
680 1321 803 1360 neque
830 1308 961 1346 eadem
989 1308 1132 1345 ratione
1157 1321 1242 1358 par-

142 1361 290 1399 titiones
319 1362 507 1412 expolire.
543 1361 608 1399 sed
636 1369 721 1399 tum
750 1363 798 1399 ab
828 1361 1056 1398 assumtione
1083 1361 1244 1410 incipere

142 1414 243 1462 licet,
269 1422 353 1452 tum
378 1415 426 1452 ab
448 1414 716 1465 approbatione
740 1414 932 1462 alterutra,
959 1421 1043 1452 tum
1067 1414 1243 1464 utrinque,

144 1474 229 1505 tum
254 1467 338 1515 hoc,
367 1474 450 1504 tum
475 1468 541 1504 illo
566 1480 701 1517 genere
724 1467 994 1518 complexionis
1016 1466 1085 1504 uti.
1129 1467 1178 1504 Id
1202 1474 1245 1504 ut

144 1519 402 1571 perspiciatur,
422 1527 489 1558 aut
507 1521 726 1568 scribamus,
747 1528 814 1558 aut
830 1520 870 1557 in
890 1520 1058 1572 quolibet
1072 1520 1246 1571 exemplo
1272 1528 1274 1530 ’

145 1573 193 1611 (10
211 1573 256 1611 115
274 1586 360 1624 quae
378 1573 567 1634 proposita
585 1580 685 1623 sunt,
705 1574 777 1613 hoc
800 1573 902 1611 idem
929 1586 1181 1621 exerceamus,
1204 1580 1248 1610 ut

145 1639 264 1677 quam
282 1626 391 1665 facile
409 1625 510 1664 factu
529 1627 587 1666 sit.

201 1679 264 1718 Ac
281 1679 329 1717 de
341 1679 510 1730 partibus
524 1680 679 1732 quidem
693 1679 1027 1732 argumentationis
1041 1679 1128 1718 satis
1142 1679 1249 1717 nobis

148 1731 294 1771 dictum
312 1732 470 1770 videtur.
511 1733 616 1771 Illud
642 1741 768 1772 autem
796 1735 971 1772 volumus
989 1733 1163 1783 intelligi,
1183 1745 1250 1769 nos

149 1786 265 1836 probe
289 1793 427 1833 tenere,
455 1786 538 1825 aliis
562 1800 714 1838 quoque
739 1787 945 1825 rationibus
968 1786 1117 1824 tractari
1139 1799 1251 1835 argr-

149 1839 396 1876 mentationes
427 1839 467 1876 in
499 1840 737 1891 philosophia
768 1840 899 1878 multis
931 1846 967 1877 et
998 1839 1178 1885 obscuris,
1207 1839 1252 1874 de

149 1891 289 1941 quibus
315 1899 459 1929 certum
487 1900 542 1930 est
572 1893 771 1931 artificium
804 1893 1061 1931 constitutum.
1106 1892 1252 1929 Verum

149 1944 217 1982 illa
234 1943 342 1982 nobis
359 1945 557 1983 abhorrere
575 1948 623 1984 ab
646 1960 717 1984 usu
744 1945 903 1984 oratorio
929 1945 1112 1984 videntur.
1153 1944 1252 1989 Qua·

150 1997 335 2047 pertinere
352 2005 478 2036 autem
498 1999 545 2036 ad
564 1999 766 2037 dicendum
785 2008 978 2050 putamus,
998 2011 1042 2035 ea
1066 2009 1133 2034 nos
1151 2009 1253 2033 com-

150 2049 314 2097 modius,
333 2063 450 2101 quam
469 2059 633 2099 caeteros,
653 2053 865 2100 attendisse,
893 2064 968 2089 non
995 2051 1250 2088 affirmamus·
1240 2076 1252 2092 ,

148 2103 391 2155 perquisitius
422 2111 459 2144 et
490 2105 706 2156 diligentius
738 2104 994 2156 conscripsisse
1021 2102 1254 2154 pollicemur
