1429 2344
191 47 269 86 298
335 45 413 87 DE
442 47 738 100 ORATORE,
769 48 868 88 nm.
890 49 974 88 111.
1004 48 1109 88 cu.
1126 51 1163 89 9.

191 153 376 205 dignitate
412 156 535 195 omnis
570 163 699 196 tamen
736 157 834 196 adsit
863 157 1082 196 humanitas
1113 169 1157 195 ac
1187 155 1302 207 lepos.

194 207 303 255 Quid
330 210 485 248 multa?
522 210 639 248 istum
669 211 824 250 audiens
853 211 1029 263 equidem
1059 210 1110 249 sic
1136 209 1307 260 judicare

192 261 306 309 soleo,
321 263 515 324 quidquid
534 271 601 301 aut
618 264 818 313 addideris,
838 273 904 303 aut
921 265 1139 310 mutaveris,
1160 270 1227 300 aut
1240 263 1306 301 de-

194 316 363 362 traxeris,
384 317 552 355 vitiosius
577 325 614 355 et
639 318 800 356 deterius
825 319 1011 356 futurum.
1053 317 1160 366 Quid
1182 325 1308 355 noster

193 368 255 406 hic
271 368 419 408 Caesar.
411 373 428 398 '³
457 383 582 408 nonne
596 384 735 409 novam
754 373 960 423 quamdam
978 372 1162 410 rationem
1181 371 1309 408 attulit

193 423 384 471 orationis,
406 432 442 462 et
467 424 615 462 dicendi
639 438 758 475 genus
780 426 932 463 induxit
949 439 1066 486 prope
1084 425 1305 476 singulare?

195 475 295 522 Quis
324 490 497 528 unquam
526 492 596 539 res,
623 486 759 529 praeter
782 480 898 526 hunc,
926 480 1084 530 tragicas
1110 491 1218 529 paene
1245 491 1307 515 co-

193 529 305 577 mice,
326 531 447 569 tristes
466 533 631 580 remisse,
653 545 796 571 severas
819 533 951 581 hilare,
978 534 1140 571 forenses
1164 531 1308 569 scenica

194 596 312 634 prope
330 592 539 634 venustate,
560 587 756 631 tractavit3
787 594 900 638 atque
917 587 983 634 ita,
1003 594 1047 624 ut
1064 598 1186 637 110(1110
1202 586 1309 633 jocus

194 638 458 687 magnitudine
476 653 603 677 rerum
618 616 891 688 excluderetur,
907 653 975 678 nec
989 639 1151 691 gravitas
1165 638 1308 676 facetiis

193 691 454 731 minueretur?
482 693 582 732 Ecce
593 702 792 744 praesentes
807 694 882 732 duo
896 707 1012 745 prope
1028 693 1203 744 aequales,
1220 692 1310 730 Sul-

193 745 315 795 picius
335 752 371 783 et
390 746 512 784 Cotta.
554 747 662 794 Quid
683 756 763 785 tam
787 748 886 786 inter
911 761 950 786 se
971 746 1182 785 dissimile?
1212 745 1308 796 quid

194 805 275 835 tam
293 799 333 836 in
348 813 415 837 suo
429 813 564 851 genere
578 804 786 852 praestans?
809 802 964 840 limatus
979 802 1072 839 alter
1091 807 1128 839 et
1145 799 1307 847 subtilis,

193 864 275 889 rem
307 853 498 904 explicans
529 855 689 906 propriis
721 855 893 906 aptisque
926 855 1074 894 verbis.
1114 854 1232 892 haeret
1266 853 1308 891 111

193 918 309 943 causa
337 920 497 958 semper,
525 916 574 956 et,
601 908 697 969 quid
720 909 839 958 judici
859 909 1104 970 probandum
1131 908 1193 956 sit,
1220 919 1310 945 cum

194 959 409 998 acutissime
433 961 540 1022 vidit,
572 962 718 1000 omissis
748 963 889 1001 caeteris
918 962 1165 1014 argumentis,
1196 960 1237 998 in
1265 973 1309 999 eo

192 1020 361 1051 mentem
379 1015 662 1076 orationemque
680 1015 820 1067 defigit.
858 1017 1048 1067 Sulpicius
1069 1023 1212 1061 autem,
1232 1013 1309 1052 for-

193 1067 337 1106 tissimo
356 1068 523 1119 quodam
541 1069 660 1107 animi
677 1069 837 1121 impetu,
853 1069 1074 1121 plenissima
1088 1076 1125 1107 et
1137 1067 1310 1106 maxima

193 1134 296 1171 voce,
318 1122 470 1160 summa
494 1123 730 1161 contentione
755 1124 932 1175 corporis,
957 1130 994 1162 et
1018 1122 1201 1188 dignitate
1225 1134 1310 1160 mo-

193 1176 269 1223 tus,
297 1177 498 1214 verborum
526 1190 678 1237 quoque
703 1190 748 1215 ea
772 1177 955 1228 gravitate
980 1183 1017 1215 et
1042 1176 1150 1228 copia
1173 1181 1242 1223 est,
1265 1181 1311 1212 ut

194 1241 295 1266 unus
313 1229 363 1266 ad
380 1229 585 1269 dicendum
608 1230 917 1270 instructissimus
941 1243 965 1269 a
989 1230 1126 1268 natura
1151 1242 1229 1268 esse
1253 1228 1310 1267 vi-

196 1281 342 1321 deatur.

250 1336 326 1374 IX.
356 1336 425 1374 Ad
449 1336 695 1388 nosmetipsos
719 1337 802 1387 jam
826 1344 1014 1384 reverto13
1048 1336 1235 1397 quoniam
1258 1335 1310 1375 sic

194 1388 339 1428 fuimus
365 1403 511 1441 semper
536 1391 755 1442 comparati,
783 1398 827 1429 ut
851 1391 1053 1429 hominum
1075 1389 1311 1429 sermonibus

195 1444 305 1494 quasi
333 1443 374 1481 in
399 1444 556 1496 aliquod
581 1445 828 1483 contentionis
850 1445 1040 1494 judicium
1065 1457 1308 1482 vocaremur‘

196 1497 290 1547 quid
311 1505 391 1535 tam
417 1488 612 1546 dissimile,
633 1512 750 1550 quam
775 1512 844 1549 ego
868 1498 909 1536 in
936 1497 1094 1537 dicendo
1120 1505 1156 1536 et
1183 1498 1310 1535 Anto-

196 1550 314 1589 nius?
344 1564 433 1588 cum
460 1552 525 1589 1110
549 1552 581 1590 15
607 1552 655 1590 sit
679 1560 817 1599 orator,
843 1559 887 1590 ut
908 1552 1006 1591 nihil
1028 1565 1071 1590 eo
1095 1551 1212 1602 possit
1234 1564 1312 1589 esse

195 1605 456 1654 praestantiusg
481 1618 550 1656 ego
565 1613 707 1654 autem,
725 1618 961 1657 quamquam
978 1612 1120 1643 memet
1137 1605 1214 1642 mei
1231 1618 1310 1656 poe-

198 1657 306 1705 nitet,
326 1670 415 1695 cum
433 1659 504 1697 hoc
522 1659 692 1697 maxime
710 1666 838 1698 tamen
865 1660 905 1697 in
928 1659 1206 1711 comparatione
1223 1671 1312 1696 con-

195 1723 349 1761 jungar.

251 1764 461 1813 Videtisne,
482 1777 601 1816 genus
618 1764 691 1804 hoc
709 1765 812 1817 quod
830 1766 878 1803 sit
895 1765 1090 1804 Antonii?
1119 1764 1228 1813 forte,
1248 1777 1311 1802 ve-

196 1817 367 1865 hemens,
392 1826 625 1856 commotum
650 1819 690 1855 in
716 1819 876 1869 agendo,
902 1819 1175 1870 praemunitum
1201 1826 1238 1856 et
1264 1832 1311 1856 ex

196 1872 303 1910 omni
321 1879 426 1923 parte
440 1885 560 1910 causae
575 1879 740 1923 septum,
757 1885 854 1918 acre,
871 1880 1040 1920 acutum,
1057 1872 1311 1921 enucleatum,

197 1926 238 1963 in
257 1926 488 1977 unaquaque
505 1939 546 1963 re
564 1938 815 1974 commorans,
835 1926 989 1963 honeste
1011 1926 1159 1973 cedens,
1180 1925 1314 1964 acriter

197 1979 412 2040 insequens,
439 1986 594 2027 terrens,
621 1980 850 2040 supplicans,
878 1979 1030 2018 summa
1051 1979 1229 2017 orationis
1247 1992 1313 2017 va-

196 2032 341 2081 rietate,
368 2033 478 2071 nulla
497 2040 713 2071 nostrarum
736 2033 888 2071 aurium
915 2033 1094 2072 satietate.
1135 2033 1219 2070 Nos
1244 2045 1312 2070 au-

196 2092 289 2134 tem,
309 2086 540 2138 quicumque
560 2086 600 2124 in
618 2086 776 2125 dicendo
795 2100 941 2135 sumus,
955 2086 1138 2139 quoniam
1153 2098 1231 2124 esse
1244 2085 1314 2123 ali-

198 2153 276 2191 quo
294 2140 335 2179 in
354 2152 513 2180 numero
532 2140 638 2180 vobis
655 2140 842 2190 videmur,
861 2149 960 2180 certe
981 2147 1110 2179 tamen
1132 2141 1180 2179 ab
1198 2139 1315 2189 hujus
