1407 2324
201 87 278 128 DE
298 87 502 128 CLARIS
521 87 908 138 ORATORIBUS,
930 88 1034 128 CAP.
1054 88 1118 134 57.
1147 90 1226 129 409

129 207 197 234 nec
219 195 306 234 fuit.
348 195 541 234 Scribebat
565 202 690 233 tamen
715 196 913 242 orationes,
933 209 1026 247 quas
1045 196 1111 234 alii
1127 196 1226 234 dice-

127 256 234 293 rent3
263 256 308 286 ut
326 248 377 296 Q.
398 249 558 287 Metello
576 249 622 286 F.
643 257 686 286 ut
704 250 755 297 Q.
772 250 955 300 Caepioni,
975 257 1019 287 ut
1038 250 1088 296 Q.
1108 250 1224 287 Pom-

126 303 210 353 peio
240 301 370 347 Rufo;
400 314 634 353 quamquam
661 303 692 340 is
721 303 834 340 etiam
863 303 942 353 ipse
972 303 1117 353 scripsit
1146 316 1221 349 eas,

126 356 264 406 quibus
282 368 350 406 pro
369 368 407 393 se
425 362 480 393 est
492 368 596 401 usuS,
617 356 681 393 sed
699 368 776 393 non
795 356 873 394 sine
887 356 1002 393 AElio.
1034 356 1107 393 His
1122 356 1224 393 enim

125 408 269 458 scriptis
287 408 400 446 etiam
418 408 497 459 ipse
515 408 682 456 interfui,
709 422 796 446 cum
816 422 934 446 essem
953 409 1054 459 apud
1073 409 1223 446 AElium

125 461 349 508 adolescens,
366 474 530 512 eumque
547 461 676 499 audire
693 462 922 512 perstudiose
936 463 1103 500 solerem.
1134 462 1225 499 Cot-

124 522 203 551 tam
222 521 349 551 autem
367 515 496 561 miror,
517 527 711 552 summum
737 515 862 565 ipsum
885 522 1083 561 oratorem,
1110 515 1224 552 mini-

125 579 262 628 meque
279 567 465 618 ineptum,
486 567 658 606 AElianas
676 569 775 606 leves
793 568 1045 606 oratiunculas
1063 568 1224 606 voluisse

125 620 329 657 existimari
348 633 445 658 suas.

177 673 313 711 LVII.
331 673 405 710 His
424 673 571 712 duobus
589 674 757 723 ejusdem
772 675 890 712 aetatis
904 676 1224 712 annumerabatur

123 738 235 764 nemo
249 726 402 764 tertius:
420 727 484 764 sed
498 727 593 764 mihi
605 728 777 778 placebat
792 728 1025 778 Pomponius
1038 728 1220 788 maxime,

124 780 184 817 vel
201 780 340 840 dicam,
364 780 522 818 minime
547 780 778 831 displicebat.
826 781 950 818 Locus
970 788 1047 818 erat
1065 781 1220 818 omnino

122 832 163 869 in
181 833 358 870 maximis
373 833 506 879 causis,
525 841 660 884 praeter
678 847 752 880 eos,
772 834 818 871 de
837 834 974 884 quibus
993 847 1106 884 supra
1125 834 1219 881 dixi,

121 886 278 932 nemini,
307 894 502 936 propterea
526 886 628 937 quod.
653 887 860 933 Antonius,
886 887 952 937 qui
970 887 1137 924 maxime
1156 900 1221 924 ex-

119 941 329 989 petebatur,
349 939 497 976 facilis
486 951 526 976 1n
545 940 664 977 causis
681 939 901 990 recipiendis
920 947 1022 985 erat3
1051 940 1219 977 fastidio-

119 992 194 1029 sior
213 992 382 1039 Crassus,
399 992 462 1030 sed
481 999 606 1030 tamen
625 992 836 1043 recipiebat.
867 968 1022 1030 Horuni
1039 993 1106 1043 qui
1124 1005 1218 1030 neu-

118 1052 221 1082 trum
248 1045 424 1093 habebat,
452 1045 690 1096 confugiebat
715 1046 763 1083 ad
783 1046 1007 1096 Philippum
1031 1046 1122 1094 fere,
1151 1056 1218 1084 aut

118 1098 167 1135 ad
187 1098 396 1136 Caesarem:
429 1097 554 1146 Cotta,
584 1097 811 1147 [secundum
835 1099 1060 1149 Philippum
1079 1106 1115 1137 et
1135 1099 1220 1137 Cae-

119 1152 276 1202 sarem,]
309 1158 346 1189 et
370 1151 573 1202 Sulpicius,
602 1154 885 1202 expetebantur.
926 1153 989 1189 Ita
1010 1154 1058 1190 ab
1083 1153 1127 1190 iis
1149 1166 1216 1190 sex

118 1204 285 1255 patronis
303 1217 424 1242 causae
441 1205 603 1242 illustres
622 1207 853 1255 agebantur:
880 1218 1003 1256 neque
1020 1213 1100 1242 tam
1119 1207 1220 1243 mul-

118 1264 170 1304 ta,
200 1270 317 1308 quam
334 1258 461 1296 nostra
479 1265 602 1305 aetate,
622 1258 765 1306 judicia
788 1258 952 1303 fiebant3
982 1271 1106 1308 neque
1131 1259 1216 1307 hoc,

118 1310 221 1362 quod
252 1323 353 1348 nunc
381 1311 439 1359 fit,
468 1318 513 1348 ut
541 1324 662 1349 causae
691 1311 849 1362 singulae
878 1311 1164 1349 defenderentur
1195 1325 1219 1349 a

116 1363 303 1414 pluribus,
332 1377 409 1415 quo
430 1363 526 1401 nihil
545 1371 600 1402 est
617 1364 796 1402 vitiosius.
840 1365 1129 1415 Respondemus
1155 1365 1215 1413 iis,

116 1429 212 1467 quos
229 1429 306 1454 non
319 1416 559 1454 audivimus:
580 1417 620 1454 in
639 1430 715 1468 quo
733 1417 902 1468 primum
921 1431 1018 1468 saepe
1036 1418 1143 1455 aliter
1161 1426 1217 1456 est

116 1470 275 1516 dictum,
304 1470 411 1507 aliter
439 1470 488 1507 ad
517 1482 585 1507 nos
613 1471 798 1508 relatum:
829 1470 964 1508 deinde
994 1471 1125 1521 magni
1156 1471 1216 1509 in-

116 1530 228 1561 terest
251 1536 376 1560 eoram
402 1522 526 1561 videre
543 1535 620 1571 me,
640 1524 964 1574 quemadmodum
983 1524 1216 1562 adversarius

115 1576 164 1613 de
183 1576 335 1627 quaque
359 1588 399 1615 re
423 1584 616 1624 asseveret,
636 1577 804 1614 maxime
822 1584 950 1614 autem
968 1577 1217 1628 quemadmo-

116 1629 211 1667 dum
225 1642 386 1680 quaeque
399 1642 455 1667 res
469 1630 655 1667 audiatur.
685 1630 760 1667 Sed
773 1630 869 1667 nihil
882 1630 1064 1678 vitiosius,
1081 1643 1214 1682 quam,

116 1695 206 1720 cum
231 1695 354 1720 unum
380 1695 514 1733 corpus
533 1683 666 1721 debeat
683 1696 761 1721 esse
779 1683 1017 1731 defensionis,
1040 1684 1142 1721 nasci
1168 1684 1216 1721 de

115 1736 262 1786 integro
286 1748 451 1783 causam,
479 1748 568 1774 cum
597 1736 644 1773 sit
673 1738 720 1774 ab
749 1737 865 1774 altero
893 1743 1077 1787 perorata.
1117 1736 1216 1774 Om-

113 1789 224 1826 nium
238 1789 339 1826 enim
354 1802 552 1827 causarum
570 1801 693 1827 unum
711 1797 766 1828 est
782 1790 954 1827 naturale
970 1789 1214 1840 principium,

115 1854 194 1880 una
218 1842 426 1892 peroratio:
456 1842 611 1893 reliquae
636 1850 774 1893 partes,
801 1843 909 1894 quasi
932 1844 1119 1889 membra,
1148 1855 1216 1879 suo

114 1907 276 1946 quaeque
296 1895 378 1933 loco
402 1895 535 1942 locata,
565 1908 673 1933 suam
692 1903 728 1933 et
746 1895 824 1933 vim
851 1904 888 1933 et
911 1896 1134 1945 dignitatem
1160 1902 1216 1932 te-

112 1954 216 1986 nent.
246 1947 348 1986 Cum
366 1956 493 1986 autem
511 1948 662 1986 difficile
676 1949 736 1997 sit,
751 1949 792 1986 in
805 1948 921 1998 longa
938 1948 1118 1994 oratione,
1138 1960 1216 1985 non

114 2000 319 2052 aliquando
337 2001 482 2052 aliquid
499 2001 553 2038 ita
570 2001 704 2049 dicere,
724 2008 768 2039 ut
786 2002 857 2039 sibi
881 2002 960 2051 ipse
979 2013 1055 2038 non
1080 2013 1215 2038 conve-

114 2054 219 2099 niat;
249 2061 391 2104 quanto
415 2054 604 2092 difficilius
628 2068 770 2102 cavere,
790 2067 839 2092 ne
857 2054 950 2105 quid
968 2054 1082 2101 dicas,
1111 2053 1215 2104 quod

114 2119 191 2145 non
204 2107 401 2145 conveniat
414 2108 495 2156 ejus
509 2108 681 2155 orationi,
702 2108 770 2159 qui
783 2115 870 2145 ante
883 2115 920 2145 te
932 2106 1069 2144 dixerit
1084 2107 1094 2143 ἱ
1125 2106 1214 2152 Sed,

116 2160 206 2210 quia
224 2166 261 2197 et
277 2159 384 2198 labor
400 2161 524 2198 multo
543 2162 664 2210 major
682 2168 752 2208 est,
771 2167 890 2198 totam
908 2172 1074 2207 causam,
1098 2171 1216 2211 quam

167 2213 363 2258 (Rhetor.)
392 2223 495 2251 VOL.
518 2224 546 2250 1.
817 2215 843 2251 2
865 2224 895 2249 N
