1407 2308
205 93 282 134 DE
311 92 603 142 ORATORE,
634 92 732 132 Lm.
754 92 811 131 ΙΙ.
842 91 946 132 CAP.
961 92 1026 130 31.
1092 92 1170 129 225

73 207 168 239 rant.
199 200 273 240 Sed
290 201 331 239 hi
347 201 420 240 1001
439 201 473 240 01
486 200 642 238 demum
660 200 795 239 oratori
807 199 980 251 prodesse
996 205 1167 250 possunt,

74 254 142 305 qui
160 262 214 292 est
227 262 393 292 versatus
406 255 446 292 in
460 256 584 301 rebus,
604 255 663 291 vel
677 267 762 299 usu,
779 266 893 304 quem
907 260 994 290 aetas
1007 252 1171 302 denique

73 307 204 353 affert3
235 309 294 345 vel
321 307 511 345 auditione
538 314 574 345 et
601 307 836 357 cogitatione,
866 319 952 356 quae
981 305 1103 343 studio
1134 311 1171 342 et

76 360 270 411 diligentia
288 361 483 412 praecurrit
501 367 659 398 aetatem.
689 360 793 398 Nam
813 360 843 396 si
862 366 902 396 tu
921 359 1016 395 mihi
1035 370 1170 409 quam-

74 413 130 450 vis
149 414 338 451 eruditum
356 414 551 451 hominem
569 413 781 459 adduxeris,
803 412 974 463 quamvis
993 424 1115 449 acrem
1135 418 1173 448 et

73 474 229 504 acutum
257 467 298 504 in
329 467 539 528 cogitando,
571 467 743 517 quamw's
773 466 820 503 ad
847 465 1169 516 pronuntiandum

72 520 305 570 expeditum,
327 521 358 558 si
383 521 452 558 erit
475 520 604 557 idem
594 532 634 556 m
653 519 920 557 consuetudine
938 526 1171 563 mutatis,

74 574 271 624 exemplis,
300 574 340 610 in
366 573 560 620 institutis,
589 573 628 610 in
653 573 820 610 moribus
846 585 888 609 ac
915 571 1170 609 voluntatibus

74 625 214 663 civium
229 639 382 664 suorum
393 627 540 677 hospes,
554 639 628 664 non
643 627 810 663 multum
826 625 860 662 ei
877 625 949 662 loci
966 624 1172 674 proderunt

73 679 145 725 1111,
167 692 213 717 ex
231 680 369 730 quibus
388 687 611 730 argumenta
628 686 864 730 promuntur.
895 679 1057 716 Subacto
1074 676 1171 714 mihi

71 732 223 791 ingenio
241 745 335 784 opus
350 741 418 779 est,
433 740 476 770 ut
494 745 583 783 agro
601 745 676 770 non
692 733 806 770 semel
824 738 940 777 arato,
957 731 1020 768 sed
1034 737 1171 768 novato

74 792 110 822 et
121 785 265 834 iterato,
279 799 354 837 quo
365 786 535 824 meliores
546 786 643 823 fetus
654 786 769 836 possit
781 793 816 823 et
827 759 1040 835 grandiores
1052 784 1171 821 edere.

75 838 251 876 subactio
270 846 396 877 autem
416 846 470 877 est
487 852 590 887 usus,
611 839 768 885 auditio,
786 838 908 885 lectio,
928 838 1056 874 literae.

125 892 188 930 Ac
204 892 372 943 primum
391 900 565 930 naturam
584 905 704 930 causae
717 892 854 939 videat,
871 904 956 942 quae
969 903 1169 941 nunquam

73 944 190 990 latet3
219 945 410 983 factumne
439 946 500 994 sit,
536 953 737 996 quaeratur,
774 957 836 993 an,
866 944 977 995 quale
1012 944 1073 991 sit,
1104 955 1168 991 an,

74 997 178 1048 quod
196 1010 334 1036 nomen
350 999 510 1036 habeat:
540 1012 616 1049 quo
634 1007 838 1050 perspecto,
859 998 984 1035 statim
1008 997 1168 1035 occurrit

74 1051 237 1088 naturali
255 1051 420 1103 quadam
438 1052 653 1103 prudentia,
673 1065 748 1089 non
774 1052 833 1089 his
861 1050 1171 1089 subductionibus

75 1116 168 1154 quas
186 1105 248 1142 isti
266 1105 411 1153 docent,
428 1105 521 1156 quid
538 1105 650 1144 faciat
667 1118 832 1152 causam,
848 1105 888 1142 id
907 1111 973 1151 est,
988 1116 1063 1155 quo
1082 1105 1171 1141 sub-

73 1157 150 1195 lato
165 1159 411 1196 controversia
422 1167 517 1197 stare
530 1171 606 1196 non
617 1159 754 1210 possit:
777 1158 924 1205 deinde,
938 1157 1031 1208 quid
1043 1157 1169 1194 veniat

71 1210 112 1247 in
127 1211 330 1259 judicium,
350 1212 453 1263 quod
470 1212 532 1250 isti
546 1213 598 1250 sic
612 1214 748 1261 jubent
766 1223 954 1262 quaerere:
978 1210 1170 1248 Interfecit

74 1262 253 1314 Opimius
272 1263 510 1303 Gracchum:
541 1265 634 1316 quid
651 1266 740 1303 facit
758 1278 933 1303 causam.
923 1266 941 1291 ⁹
970 1263 1072 1314 quod
1096 1263 1169 1301 rei-

69 1318 232 1366 publicae
250 1319 375 1366 causa,
393 1331 480 1356 cum
500 1332 547 1357 ex
565 1322 730 1356 senatus·
732 1319 901 1356 consulto
920 1317 968 1354 ad
986 1329 1091 1353 arma
1105 1329 1170 1354 vo-

71 1370 213 1408 casset.
242 1371 313 1409 hoc
331 1372 434 1419 tolle,
455 1385 566 1410 031133
579 1385 655 1409 11011
670 1373 750 1409 erit.
778 1372 836 1408 At
854 1370 922 1407 id
912 1383 1038 1420 lpsum
1053 1376 1166 1419 negat

72 1421 201 1462 0011113
224 1425 324 1475 leges
349 1425 496 1462 licuisse
514 1424 666 1462 Decius.
701 1424 841 1462 Veniet
865 1423 980 1473 igitur
1004 1423 1043 1460 in
1067 1422 1171 1483 judi-

74 1478 190 1524 cium,
216 1477 410 1515 licueritne
435 1491 482 1515 ex
507 1480 669 1515 senatus
673 1477 855 1524 consulto,
883 1475 1072 1513 servandae
1096 1476 1168 1513 rei-

71 1529 232 1580 publicae
259 1543 382 1568 031133,
417 1531 620 1581 Perspicua
646 1538 734 1568 sunt
759 1529 839 1567 haec
866 1529 1034 1580 quidem,
1065 1535 1101 1566 et
1126 1529 1168 1567 in

74 1595 97 1619 v
142 1583 222 1620 ‹rari
246 1583 447 1634 prudentia
471 1584 568 1629 sita3
599 1583 662 1621 sed
686 1583 752 1620 illa
777 1582 990 1634 quaerenda,
1011 1595 1097 1633 quae
1121 1583 1170 1620 ab

70 1643 280 1674 accusatore
298 1644 334 1674 et
349 1636 539 1674 defensore
553 1644 787 1687 argumenta,
805 1636 852 1673 ad
866 1635 919 1683 id,
936 1635 1039 1686 quod
1051 1635 1091 1672 in
1102 1636 1167 1684 ju-

71 1688 213 1727 dicium
232 1689 348 1737 venit,
365 1690 583 1741 spectantia,
603 1689 762 1728 debeant
781 1689 914 1726 afferri.

121 1741 281 1780 XXXI.
309 1743 442 1794 Atque
467 1743 530 1781 hic
559 1743 656 1780 illud
686 1742 892 1781 videndum
921 1749 989 1789 est,
1021 1742 1062 1779 in
1089 1755 1166 1793 quo

69 1807 242 1834 summus
256 1803 311 1834 est
329 1809 429 1834 error
445 1796 603 1834 istorum
617 1797 883 1847 magistrorum
899 1795 947 1832 ad
965 1808 1058 1846 quos
1072 1795 1166 1833 libe-

67 1861 128 1886 ros
146 1856 289 1888 nostros
307 1849 508 1898 mittimus,
525 1861 601 1887 non
620 1862 695 1900 quo
714 1849 783 1888 hoc
802 1849 955 1900 quidem
974 1848 1022 1885 ad
1041 1848 1166 1886 dicen-

70 1901 164 1939 dum
193 1914 419 1953 magnopere
447 1903 644 1954 pertineat,
675 1903 739 1940 sed
767 1911 893 1940 tamen
924 1908 967 1938 ut
995 1901 1164 1948 videatis,

69 1966 186 2004 quam
204 1955 252 1993 sit
269 1968 387 2006 genus
403 1956 475 1994 hoc
493 1968 636 2004 eorum,
653 1956 720 2007 qui
733 1956 804 1994 sibi
822 1954 956 1993 eruditi
976 1954 1163 2001 videntur,

67 2007 182 2046 hebes
199 2016 312 2059 atque
329 2009 558 2060 impolitum.
588 2009 833 2048 Constituunt
850 2008 965 2054 enim,
986 2007 1025 2043 in
1045 2007 1163 2057 parti-

69 2059 174 2098 endis
191 2061 404 2100 orationum
413 2062 549 2112 modis,
563 2062 639 2101 duo
652 2075 724 2112 ger-
727 2075 789 2100 era
800 2073 1019 2100 causarum:
1041 2072 1164 2098 unum

67 2113 302 2172 appellant,
290 2127 331 2153 111
349 2128 440 2167 quo,
453 2115 532 2153 sine
549 2115 715 2167 personis
729 2122 842 2166 atque
855 2113 1098 2173 temporibus,
1115 2112 1163 2151 de

65 2165 237 2206 universo
247 2179 382 2219 genere
388 2175 598 2221 quaeratmq
611 2169 786 2218 alterum,
797 2167 898 2220 quod
909 2166 1074 2218 personis
1083 2178 1162 2205 cer·
1173 2188 1175 2193 ‚
