1429 2344
171 80 250 118 222
312 77 390 117 DE
410 77 703 127 ORATORE‚
732 77 831 117 LIB.
853 78 912 119 11.
942 79 1047 119 off.
1068 67 1143 118 28.'

178 186 301 236 bulas,
316 187 552 239 quaestiones,
568 192 747 248 oporteat.
776 186 872 226 Haec
891 194 979 226 sunt
996 187 1126 227 omnia
1141 187 1286 239 ingenii

181 241 243 281 vel
260 241 470 289 mediocris,
492 240 764 279 exercitationis
782 249 908 279 autem
934 242 1137 279 maximae.
1167 248 1288 280 artem

183 294 353 346 quidem,
383 302 419 332 et
446 302 630 345 praecepta
657 294 842 332 duntaxat
867 295 1048 334 hactenus
1075 295 1288 347 requirunt,

184 355 229 387 ut
254 348 360 385 certis
386 348 533 385 dicendi
557 348 766 386 luminibus
791 356 982 386 ornentur.
1011 349 1189 400 Itemque
1207 349 1288 397 illa,

187 415 274 454 quae
293 408 381 439 sunt
400 401 551 439 alterius
570 402 728 452 generis,
750 415 836 453 quae
853 409 931 440 tota
949 405 996 441 ab
1020 410 1164 441 oratore
1188 402 1291 454 pari-

186 462 317 502 untur,
339 455 651 506 excogitationem
677 468 753 493 non
778 456 919 494 habent
942 456 1147 504 difficilem,
1169 456 1291 507 expli-

187 508 373 547 cationem
391 509 512 559 magis
534 509 720 546 illustrem
742 510 1042 561 perpolitamque
1066 509 1290 548 desiderant.

188 563 340 613 Itaque,
361 575 449 600 cum
467 562 547 600 haec
566 563 642 600 duo
660 563 768 600 nobis
787 563 989 614 quaerenda
1007 563 1082 601 sint
1099 564 1139 601 in
1158 563 1292 612 causis,

189 616 360 668 primum
386 615 492 667 quid,
513 616 648 654 deinde
667 617 870 668 quomodo,
892 617 1086 663 dicamus3
1116 617 1295 666 alterum,

191 670 294 722 quod
313 677 437 707 totum
461 677 540 708 arte
565 670 726 708 tinctum
746 670 907 719 videtur,
927 671 1075 708 tametsi
1095 678 1214 708 artem
1240 683 1300 708 re-

191 724 322 775 quirit,
343 730 471 761 tamen
485 724 695 774 prudentiae
714 731 768 762 est
785 730 893 775 paene
905 724 1116 772 mediocris,
1133 723 1228 775 quid
1241 723 1300 761 di-

189 777 354 815 cendum
380 777 440 826 sit,
461 777 610 816 videre:
641 779 802 815 alterum
821 786 890 827 est,
909 778 950 815 in
975 790 1051 829 quo
1070 777 1224 816 oratoris
1242 776 1299 815 vis

190 831 259 869 illa
277 831 418 879 divina,
435 831 629 882 virtusque
647 832 824 881 cernitur,
841 845 898 881 ea,
915 845 1001 884 quae
1019 831 1177 870 dicenda
1195 837 1298 880 sunt,

192 892 336 931 ornate,
357 885 517 936 copiose,
533 886 709 936 varieque
728 885 860 924 dicere.

249 938 458 977 XXVIII.
489 939 619 987 Quare
636 939 743 976 illam
768 946 915 990 partem
940 939 1183 991 superiorem,
1205 951 1300 991 quo-

196 992 302 1030 niam
322 993 437 1030 semel
455 992 509 1030 ita
527 993 632 1030 vobis
650 993 806 1044 placuit,
826 1005 903 1031 non
929 994 1108 1031 recusabo
1133 1005 1210 1044 quo
1228 992 1303 1030 mi-

195 1058 269 1083 nus
283 1046 492 1097 perpoliam
506 1052 619 1096 atque
631 1047 845 1084 conficiam:
861 1050 1065 1099 (quantum
1080 1058 1300 1098 consequar,

195 1112 261 1138 vos
277 1099 494 1148 judicabitis
508 1106 536 1147 z)
553 1100 691 1150 quibus
711 1113 758 1138 ex
775 1100 866 1138 locis
884 1099 933 1138 ad
951 1113 1012 1138 eas
1030 1107 1104 1137 tres
1123 1113 1195 1147 res,
1216 1112 1304 1150 quae

199 1153 250 1191 ad
268 1153 384 1191 fidem
405 1153 616 1191 faciendam
643 1154 730 1191 solae
755 1154 895 1202 valent,
916 1153 1076 1192 ducatur
1100 1153 1231 1201 oratio,
1258 1160 1304 1191 ut

200 1214 238 1244 et
265 1207 509 1245 concilientur
535 1207 667 1255 animi,
697 1214 734 1245 et
758 1207 975 1255 doceantur,
1005 1214 1041 1245 et
1067 1214 1303 1245 moveantur.

204 1259 323 1309 [Haec
341 1268 429 1298 sunt
447 1261 550 1298 enim
569 1260 640 1298 tria
653 1273 813 1299 numero
827 1263 860 1312 z]
891 1274 934 1299 ea
952 1274 1038 1299 vero
1058 1260 1307 1311 quemadmo-

201 1314 297 1351 dum
315 1314 563 1362 illustrentur,
583 1322 718 1365 praesto
738 1323 806 1363 est,
827 1315 895 1366 qui
916 1327 1046 1352 omnes
1070 1313 1202 1352 docere
1219 1327 1306 1365 pos-

202 1367 264 1416 sit,
294 1367 362 1428 qui
385 1368 457 1405 hoc
483 1369 629 1419 primus
655 1368 696 1405 in
723 1376 868 1406 nostros
894 1381 1017 1406 mores
1042 1367 1208 1416 induxit,
1238 1368 1307 1418 qui

204 1421 376 1459 maxime
400 1423 521 1470 auxit,
548 1422 616 1473 qui
641 1422 741 1460 solus
766 1422 898 1460 effecit.
928 1422 1110 1473 Namque
1129 1434 1211 1472 eg0,
1233 1421 1308 1459 Ca-

204 1475 297 1521 tule,
319 1475 459 1536 (dicam
478 1476 594 1523 enirn,
610 1488 687 1513 non
705 1489 875 1514 reverens
893 1474 1106 1513 assentandi
1131 1474 1311 1526 suspicio-

205 1535 313 1575 nem)
332 1529 524 1567 neminem
544 1542 621 1568 esse
639 1537 824 1567 oratorem
848 1530 964 1581 paulo
987 1528 1229 1567 illustriorem
1250 1541 1310 1566 ar.-

207 1582 339 1630 bitror,
366 1595 490 1633 neque
513 1583 691 1621 Graecum
712 1596 836 1634 neque
854 1583 1053 1630 Latinum,
1080 1595 1196 1633 quem
1221 1588 1311 1620 aetas

207 1642 335 1672 nostra
352 1636 493 1685 tulerit,
514 1650 630 1688 quem
647 1649 724 1675 non
750 1644 786 1674 et
810 1650 908 1688 saepe
926 1644 963 1675 et
988 1636 1186 1697 diligenter
1203 1635 1314 1673 audi-

208 1688 315 1726 erim.
345 1689 495 1740 Itaque,
517 1691 549 1728 si
566 1690 659 1741 quid
685 1697 740 1728 est
763 1690 803 1727 in
821 1703 897 1737 me,
918 1689 1038 1751 (quod
1059 1690 1141 1738 jam
1167 1701 1314 1739 sperare

210 1741 352 1790 videor,
373 1744 554 1794 quoniam
580 1744 734 1794 quidem
753 1756 832 1792 vos,
858 1743 918 1781 his
940 1742 1101 1793 ingeniis
1124 1742 1312 1790 homines,

210 1802 361 1833 tantum
379 1809 501 1846 operae
518 1797 615 1834 mihi
640 1797 689 1834 ad
713 1797 945 1834 audiendum
970 1796 1082 1843 datis)
1103 1808 1150 1833 ex
1175 1808 1219 1834 eo
1244 1802 1313 1844 est,

211 1848 316 1900 quod
334 1849 430 1887 nihil
449 1850 651 1902 quisquam
668 1863 840 1901 unquam
858 1863 920 1888 me
945 1849 1120 1888 audiente
1139 1849 1215 1900 egit
1232 1862 1316 1887 ora-

208 1908 284 1951 tor,
297 1903 410 1963 quod
412 1916 487 1941 non
507 1904 547 1941 in
560 1904 744 1942 memoria
761 1917 848 1942 mea
860 1904 1010 1955 penitus
1023 1902 1211 1940 insederit.
1239 1902 1317 1940 At-

214 1969 289 2007 que
307 1969 376 2006 ego
400 1956 445 2005 is,
467 1958 534 2008 qui
552 1971 651 2006 sum,
672 1964 1001 2009 quantuscumque
1027 1969 1114 1994 sum
1139 1956 1188 1994 ad
1211 1956 1316 2005 judi-

215 2009 395 2058 candum,
415 2011 591 2049 omnibus
609 2011 746 2049 auditis
765 2011 987 2059 oratoribus,
1008 2010 1087 2048 sine
1104 2009 1186 2047 ulla
1203 2009 1317 2047 dubi-

214 2062 355 2102 tatione
372 2063 424 2102 sic
442 2071 566 2102 statuo
584 2071 621 2103 et
641 2065 784 2114 judico,
803 2064 996 2102 neminem
1013 2063 1188 2102 omnium
1204 2069 1262 2101 tot
1279 2070 1317 2101 et

212 2122 331 2165 tanta,
347 2125 489 2169 quanta
506 2125 594 2156 sunt
610 2118 651 2156 in
666 2118 814 2166 Crasso,
829 2118 1004 2156 habuisse
1017 2123 1239 2155 ornamenta
1256 2116 1315 2154 di-

213 2169 333 2210 cendi.
363 2171 638 2223 Quamobrem,
658 2172 690 2213 si
708 2185 774 2212 vos
798 2185 950 2225 quoque
974 2172 1046 2212 hoc
1067 2170 1169 2210 idem
1187 2169 1315 2210 existi-
