1429 2344
189 71 268 110 280
322 71 399 111 DE
428 73 722 126 ORATORE,
751 76 850 115 Lm.
879 75 937 114 ΙΙ.
967 75 1070 116 ΟΑΡ.
1091 76 1155 115 83.

191 180 473 219 contrariorum.
502 182 584 230 Qui
602 183 650 221 ad
668 183 890 234 dignitatem
907 183 1082 235 impellit,
1101 181 1292 232 majorum

192 234 380 283 exempla,
401 248 485 285 quae
504 243 615 274 erunt
633 238 692 275 vel
711 250 798 274 cum
816 238 982 289 periculo
1000 236 1173 288 gloriosa,
1189 234 1294 273 oolli-

192 293 269 334 get,
307 285 532 336 posteritatis
563 290 816 328 immortalem
852 290 1074 328 memoriam
1106 289 1260 340 augebit
1276 300 1288 333 ς

188 339 393 377 utilitatem
421 354 468 379 ex
492 343 604 380 laude
631 344 733 381 nasci
765 344 952 393 defendet,
969 355 1190 394 semperque
1208 353 1292 380 eam

194 403 282 429 cum
301 393 483 444 dignitate
502 409 579 433 esse
597 398 847 446 conjunctam.

248 446 323 483 Sed
341 448 434 498 quid
452 449 532 486 fieri
544 450 672 500 possit,
687 457 752 488 aut
767 463 842 487 non
856 450 985 501 possit,
999 449 1166 501 quidque
1181 448 1294 486 etiam

194 498 242 535 sit
267 511 426 549 necesse,
447 510 513 540 aut
542 516 618 540 non
646 504 706 551 sit,
734 504 774 540 in
801 504 962 554 utraque
986 516 1026 541 re
1050 502 1216 540 maxime
1241 508 1296 538 est

194 554 453 602 quaerendum.
496 556 681 594 Inciditur
706 557 807 594 enim
826 557 948 595 omnis
964 557 1046 605 jam
1064 555 1295 602 deliberatio,

194 604 226 642 si
237 606 461 657 intelligitur
475 622 550 647 non
565 623 671 661 posse
685 610 778 658 fieri,
792 617 858 648 aut
872 610 903 648 si
914 609 1110 648 necessitas
1121 609 1295 646 affertur:

196 665 233 695 et
259 660 326 709 qui
351 660 391 697 id
417 661 557 713 docuit,
578 676 654 701 non
682 663 896 702 videntibus
921 663 1017 712 aliis,
1037 663 1068 700 is
1085 661 1297 714 plurimum

198 711 303 750 vidit.

248 765 317 804 Ad
336 769 534 807 consilium
554 778 681 809 autem
700 772 746 809 de
765 770 958 822 republica
976 770 1159 816 dandum,
1187 776 1300 820 caput

196 826 264 867 est,
285 822 393 859 nesse
412 825 711 874 rempublicam3
742 825 790 862 ad
808 825 1009 863 dicendum
1024 836 1110 862 vero
1123 822 1300 874 probabi-

195 873 293 921 liter,
314 877 422 913 nOsse
440 889 562 915 mores
581 878 739 916 civitatis
756 892 767 923 ς
798 878 865 929 qui
883 878 974 929 quia
992 879 1119 916 crebro
1146 883 1300 914 mutan-

197 933 272 974 tur,
293 941 412 977 genus
424 943 575 982 quoque
589 932 765 970 orationis
778 940 832 970 est
846 945 943 982 saepe
961 930 1201 968 mutandum.
1230 929 1298 976 Et,

197 992 432 1032 quamquam
457 997 534 1021 una
545 985 621 1022 fere
640 985 695 1023 vis
714 992 768 1023 est
787 985 1022 1036 eloquentiae,
1043 991 1185 1031 tamen,
1208 982 1298 1033 quia

197 1045 348 1071 summa
395 1036 528 1075 'onitas
548 1046 602 1075 est
620 1039 766 1089 populi,
795 1038 1016 1088 gravissima
1040 1050 1152 1074 causa
1174 1036 1300 1086 reipu-

196 1086 319 1136 blicae,
352 1090 513 1128 maximi
539 1100 665 1129 motus
691 1091 974 1137 multitudinis;
1005 1103 1123 1141 genus
1151 1102 1303 1140 quoque

198 1139 347 1178 dicendi
365 1143 543 1192 gtandius
559 1145 750 1195 quoddam
769 1153 806 1182 et
822 1145 1005 1182 illustrius
1024 1157 1101 1181 esse
1119 1143 1301 1180 adhibens

200 1192 294 1231 dum
313 1194 460 1233 videtur
476 1211 486 1234 ε
516 1198 760 1249 maximaque
778 1212 864 1249 pars
882 1197 1058 1236 orationis
1069 1195 1305 1234 admovenda

201 1254 256 1284 est
286 1247 335 1284 ad
357 1249 572 1288 animorum
590 1261 716 1290 motus
735 1264 1026 1302 nonnunquam,
1048 1257 1114 1288 aut
1138 1249 1307 1287 cohorta-

200 1300 314 1349 tione,
336 1310 402 1340 aut
420 1305 774 1342 commemoratione
792 1305 934 1356 aliqua,
954 1312 1020 1342 aut
1037 1304 1078 1340 in
1097 1315 1216 1353 spem,
1237 1311 1303 1340 aut

201 1352 241 1390 in
260 1361 420 1404 metum,
441 1364 507 1394 aut
525 1358 573 1395 ad
588 1358 848 1408 cupiditatem,
869 1365 935 1395 aut
953 1357 1001 1395 ad
1019 1356 1193 1407 gloriam,
1213 1368 1301 1393 con-

201 1407 368 1446 citandos
385 1423 395 1454 ;
418 1422 515 1461 saepe
530 1412 643 1449 etiam
658 1425 680 1448 a
693 1412 915 1459 temeritate,
931 1409 1139 1458 iracundia,
1153 1422 1232 1460 spe,
1244 1408 1305 1446 in-

198 1460 315 1509 juria,
336 1462 492 1511 invidia,
514 1465 746 1513 crudelitate,
766 1464 1003 1503 revocandos.
1366 1510 1369 1511 ⁷

258 1514 505 1554 LXXXIII.
536 1518 600 1555 Fit
627 1526 768 1565 autem,
798 1526 855 1565 ut,
885 1517 976 1569 quia
1001 1515 1172 1555 maxima
1198 1514 1306 1566 quasi

202 1568 339 1604 oratori
354 1581 463 1607 scena
481 1571 651 1609 videatur
670 1572 869 1617 concionis,
886 1571 1022 1608 natura
1039 1570 1122 1621 ipsa
1137 1569 1185 1608 ad
1198 1581 1307 1606 orna-

204 1620 278 1657 tius
298 1620 444 1659 dicendi
464 1637 583 1674 genus
610 1626 802 1662 excitetur.
834 1625 964 1662 Habet
982 1624 1084 1662 enim
1101 1621 1308 1660 multitudo

204 1673 283 1710 vim
302 1675 508 1724 quamdam
520 1678 649 1725 talem,
662 1685 719 1725 ut,
740 1677 1063 1728 quemadmodum
1077 1676 1215 1714 tibicen
1230 1674 1310 1712 sine

203 1726 305 1764 tibiis
333 1741 475 1777 canere,
507 1731 559 1768 sic
585 1738 720 1779 orator,
749 1731 826 1768 sine
848 1730 1093 1767 multitudine
1118 1728 1306 1774 audiente,

205 1780 384 1831 eloquens
395 1794 471 1820 esse
486 1796 562 1820 non
573 1784 699 1834 possit.
729 1784 782 1821 Et
795 1797 882 1821 cum
895 1783 968 1821 sint
981 1783 1180 1833 populares
1191 1780 1309 1818 multi

207 1834 376 1884 variique
400 1835 542 1886 lapsus,
569 1837 722 1874 vitanda
749 1845 804 1874 est
828 1836 1045 1874 acclamatio
1070 1835 1224 1873 adversa
1241 1846 1310 1884 po-

203 1887 310 1937 puli3
352 1901 437 1939 quae
455 1897 522 1927 aut
547 1890 722 1927 orationis
747 1898 897 1940 peccato
915 1889 1042 1939 aliquo
1061 1888 1258 1934 excitatur,
1279 1886 1310 1923 si

206 1952 349 1990 aspere,
377 1941 408 1979 si
433 1950 660 1992 arroganter,
689 1943 719 1980 si
743 1943 915 1994 turpiter,
937 1942 968 1979 si
986 1941 1146 1989 sordide,
1167 1941 1198 1978 si
1216 1952 1310 1991 quo·-

207 2006 283 2044 quo
310 1995 428 2032 animi
452 1995 556 2043 vitio,
577 1996 722 2034 dictum
749 2010 826 2034 esse
848 1995 994 2047 aliquid
1012 1995 1207 2040 videatur3
1240 2000 1308 2031 aut

208 2047 409 2085 hominum
437 2048 638 2087 offensione
656 2051 716 2088 vel
733 2050 889 2097 invidia,
919 2061 1006 2099 quae
1032 2055 1099 2087 aut
1114 2048 1217 2096 justa
1241 2053 1309 2094 est,

209 2107 276 2137 aut
293 2113 340 2138 ex
359 2101 617 2140 criminatione
634 2110 747 2154 atque
760 2103 889 2148 fam2t3
918 2109 985 2139 aut
997 2114 1055 2139 res
1067 2100 1098 2138 si
1112 2100 1283 2151 displicet
1297 2112 1310 2144 ;

205 2160 273 2191 aut
299 2154 329 2192 si
356 2162 410 2193 est
427 2155 467 2193 in
493 2156 621 2207 aliquo
640 2164 747 2195 motu
767 2170 845 2196 suae
869 2154 1086 2207 cupiditatis
1105 2160 1172 2193 aut
1188 2154 1312 2192 mettis
