1407 2308
168 61 245 101 DE
274 59 659 109 INVENTIONE,
690 60 786 98 Lm.
805 60 862 98 ΙΙ.
892 60 995 98 CAP.
1012 59 1076 97 58.
1124 59 1192 96 121

99 174 167 215 est,
186 168 218 206 si
235 168 441 206 incolumes
459 168 635 206 volumus
654 180 755 206 esse:
787 167 947 206 Necesse
969 175 1038 216 est,
1065 165 1097 204 si
1121 165 1201 203 sine

99 220 337 260 incommodo
354 222 530 259 volumus
547 221 681 260 vivere.

152 274 313 312 LVIII.
345 276 408 312 Ac
435 287 587 313 summa
613 274 766 325 quidem
795 273 1025 312 necessitudo
1053 272 1202 312 videtur

100 339 180 365 aese
197 327 425 373 honestatis3
454 328 543 366 huic
564 328 751 378 proxima,
771 328 1063 372 incolumitatis;
1094 326 1204 364 tertia

101 392 144 418 ac
169 380 368 428 levissima,
395 381 683 429 commoditatis,
703 394 790 432 quae
815 394 902 419 cum
925 381 983 418 his
1002 391 1202 430 nunquam

99 433 236 483 poterit
267 434 415 472 duabus
445 434 678 472 contendere.
726 435 851 472 Hasce
883 441 1010 472 autem
1040 434 1137 471 inter
1164 445 1204 469 se

100 498 198 537 saepe
222 499 368 525 necesse
393 495 448 525 est
472 487 694 538 comparari,
718 495 774 535 ut,
795 500 1030 538 quamquam
1054 492 1206 537 praestet

101 539 274 578 honestas
297 540 561 587 incolumitati,
581 547 722 587 tamen,
750 541 826 578 utri
850 541 1088 591 potissimum
1113 551 1202 577 con-

100 592 303 631 sulendum
315 593 375 642 sit,
387 593 623 632 deliberetur.
652 593 773 643 Cujus
787 594 840 632 rei
853 601 996 632 certum
1012 592 1204 644 quoddam

100 646 360 697 praescriptum
379 646 553 685 videtur'
543 659 582 684 m
601 655 826 698 perpetuum
840 647 920 684 dari
934 659 1052 697 posse.
1082 646 1203 692 Nam,

102 698 180 748 qua
197 698 238 736 in
255 712 295 737 re
308 699 389 737 fieri
391 700 550 761 poterit,
569 711 625 748 ut,
642 712 729 738 cum
743 700 993 738 incolumitati
1007 700 1206 738 consulue-

101 751 234 811 rimus,
250 752 354 803 quod
372 753 419 790 sit
436 753 476 790 in
494 753 691 804 praesentia
709 753 756 791 de
774 754 966 791 honestate
980 753 1204 798 delibatum,

102 804 239 842 virtute
257 805 460 857 aliquando
479 814 516 844 et
533 806 718 844 industria
735 814 986 857 recuperetur,
1005 805 1206 844 incolumi-

100 857 186 895 tatis
212 858 307 896 ratio
334 859 522 897 videbitur
547 859 747 904 habenda;
786 872 874 897 cum
905 859 1102 897 autemid
1128 870 1205 895 non

101 910 250 961 poterit,
269 911 485 950 honestatis.
514 912 620 961 Ita,
609 925 650 950 111
669 912 854 961 ejusmodi
873 925 1024 963 quoque
1043 925 1096 960 re,
1117 923 1205 949 cum

99 963 349 1002 incolumitati
366 965 580 1004 videbimur
594 966 800 1026 consulere,
822 979 906 1004 vere
923 965 1130 1016 poterimus
1148 964 1206 1001 di-

99 1029 194 1064 cere,
215 1029 283 1056 nos
304 1017 509 1056 honestatis
533 1019 716 1057 rationem
740 1019 892 1067 habere,
919 1019 1100 1070 quoniam
1127 1017 1207 1055 sine

98 1069 357 1109 incolumitate
382 1084 466 1110 eam
491 1073 598 1110 nullo
622 1079 791 1123 ternpore
814 1085 1015 1123 possumus
1037 1071 1205 1122 adipisci.

99 1122 220 1169 Qua
209 1136 250 1162 m
274 1137 315 1162 re
340 1124 399 1162 vel
425 1125 624 1164 concedere
649 1126 769 1173 alteri,
795 1126 854 1163 vel
879 1125 927 1163 ad
952 1125 1205 1164 conditionem

100 1176 254 1215 alterius
272 1177 505 1228 descendere,
526 1179 610 1217 vel
599 1191 639 1217 m
657 1179 855 1230 praesentia
868 1179 1070 1230 quiescere,
1091 1185 1206 1228 atque

101 1229 206 1268 aliud
223 1237 374 1292 tempus
391 1238 618 1283 exspectare,
633 1233 831 1284 oportebit.
862 1232 910 1271 In
930 1231 1207 1270 commoditatis

104 1295 190 1321 vero
215 1284 372 1333 ratione,
396 1285 512 1324 modo
536 1285 634 1324 inud
659 1285 888 1333 attendatur,
908 1284 1071 1335 dignane
1096 1297 1208 1322 causa

104 1336 275 1375 videatur
293 1350 350 1386 ea,
371 1351 457 1390 quae
475 1339 523 1377 ad
541 1339 744 1377 utilitatem
766 1339 981 1390 pertinebit,
1002 1350 1118 1388 quare
1143 1344 1209 1374 aut

104 1388 153 1426 de
165 1390 446 1450 magnificentia
459 1399 526 1430 aut
539 1392 586 1430 de
598 1392 792 1430 honestate
803 1391 986 1442 quiddam
999 1391 1208 1441 derogetur.

106 1440 273 1493 Atque
263 1455 303 1480 m
327 1443 399 1482 hoc
423 1444 506 1483 loco
528 1445 625 1484 mihi
643 1454 757 1496 caput
774 1444 872 1482 illud
889 1444 1037 1482 videtur
1055 1457 1146 1491 esse,
1167 1450 1210 1480 ut

107 1508 336 1546 quaeramus,
357 1498 450 1548 quid
474 1498 522 1536 sit
545 1498 656 1546 illud,
676 1498 780 1549 quod
804 1497 836 1535 si
857 1497 1013 1548 adipisci
1031 1504 1097 1534 aut
1115 1496 1211 1535 effu-

106 1561 194 1598 gere
222 1550 397 1610 velimus,
425 1551 554 1602 aliqua
580 1563 638 1590 res
664 1551 772 1590 nobis
800 1551 847 1588 sit
873 1550 1105 1595 necessaria;
1139 1549 1211 1587 hoc

108 1608 177 1650 est,
197 1615 284 1653 quae
302 1603 350 1641 sit
373 1603 592 1653 adjunctio;
620 1612 664 1642 ut
688 1604 858 1665 proinde,
885 1604 943 1641 uti
967 1616 1129 1655 quaeque
1154 1615 1212 1640 res

106 1654 190 1701 erit,
222 1655 450 1705 laboremus,
484 1665 521 1695 et
548 1658 810 1708 gravissimam
837 1670 1031 1708 quamque
1059 1668 1211 1695 causam

107 1707 431 1748 vehementissime
448 1711 692 1749 necessariam
708 1709 933 1760 judicemus.

160 1761 326 1800 Affectio
344 1770 399 1801 est
417 1765 593 1814 quaedam
612 1777 659 1802 ex
678 1771 860 1814 tempore,
885 1771 951 1801 aut
976 1776 1023 1801 ex
1045 1763 1214 1814 negotio-

107 1826 194 1852 rum
206 1822 343 1853 eventu
354 1823 421 1854 aut
434 1817 769 1864 administratione,
783 1824 850 1855 aut
860 1817 1061 1854 hominum
1073 1816 1212 1861 studio,

108 1869 353 1907 commutatio
370 1882 511 1918 rerum,
531 1878 576 1908 ut
593 1882 669 1908 non
688 1871 795 1918 tales,
815 1870 946 1921 quales
970 1876 1056 1908 ante
1074 1869 1215 1906 habitae

109 1920 198 1969 sint,
217 1928 284 1959 aut
301 1922 526 1974 plerumque
542 1923 673 1961 haberi
691 1924 847 1971 soleant,
863 1923 1046 1961 habendae
1061 1922 1214 1960 videan-

108 1980 171 2010 tur
189 1986 290 2012 esse:
319 1982 377 2022 ut,
397 1975 466 2013 Ad
483 1976 607 2014 hostes
628 1976 784 2014 transire
810 1983 919 2036 turpe
941 1976 1089 2014 videtur
1108 1987 1211 2012 esse·
1199 2001 1211 2018 ‚

109 2033 148 2062 at
166 2038 242 2064 non
259 2027 326 2066 illo
343 2029 486 2077 animo,
506 2042 582 2080 quo
601 2029 756 2080 Ulysses
771 2029 938 2067 transiit·
963 2036 1000 2066 et
1012 2027 1213 2078 pecuniam

111 2078 150 2115 in
177 2091 281 2118 mare
307 2080 479 2130 dejicere,
507 2082 665 2126 inutile;
701 2089 740 2120 at
767 2095 842 2120 non
871 2094 914 2119 eo
942 2081 1109 2127 consilio,
1139 2091 1217 2129 quo

113 2131 331 2183 Aristippus
349 2134 494 2183 dejecit.
530 2136 629 2174 Sunt
647 2135 764 2185 igitur
783 2148 839 2173 res
858 2134 1034 2184 quaedam
1054 2146 1100 2171 ex
1119 2139 1215 2171 tem

156 2185 354 2233 (metor.)
383 2198 484 2226 vor..
509 2199 537 2225 1.
858 2198 892 2224 M
