1429 2344
160 114 236 152 258
293 113 368 152 DE
406 113 698 162 ORATORE,
730 114 826 152 Lm.
850 114 906 153 11.
938 115 1041 154 CAP.
1062 115 1125 153 63.

227 220 364 258 LXII.
386 221 515 268 Quare
533 221 702 272 primum
721 233 839 272 genus
858 222 942 269 hoc,
964 222 1066 273 quod
1081 221 1198 259 risum
1214 220 1273 259 vel

173 274 342 312 maxime
360 281 499 321 movet,
516 286 591 312 non
611 281 666 312 est
683 282 880 320 nostrun13
896 287 1102 323 morosum,
1125 273 1275 325 [super-

175 327 399 377 stitiosum,]
414 327 674 378 suspiciosum,
687 327 907 377 gloriosum,
923 329 1094 366 stultum.
1116 328 1277 365 Naturae

177 380 346 417 ridentur
373 380 489 430 ipsae3
519 393 612 430 quas
637 392 811 431 personas
837 380 977 431 agitare
1003 382 1179 429 solemus,
1200 392 1276 417 non

177 433 370 470 sustinere.
412 432 593 470 Alterum
618 446 736 483 genus
763 440 818 470 est
843 433 1052 471 imitatione
1071 433 1277 471 admodum

177 485 395 533 ridiculum,
416 485 480 523 sed
499 486 606 523 nobis
625 493 774 523 tantum
792 486 878 524 licet
892 486 1038 533 furtim,
1060 487 1090 524 si
1109 486 1276 537 quando,

179 546 215 577 et
230 538 393 583 cursim,
415 538 522 576 aliter
541 540 642 576 enim
660 539 817 576 minime
836 547 890 577 est
907 540 1086 577 liberale:
1108 540 1277 587 tertium,

179 592 253 629 oris
272 592 502 643 depravatio,
522 605 598 630 non
618 592 733 642 digna
759 593 890 630 nobis:
922 600 1116 643 quartum,
1142 594 1281 630 obscoe-

179 645 290 693 nitas,
319 657 394 682 non
420 646 543 682 solum
569 658 645 682 non
671 645 751 684 foro
775 646 904 696 digna,
931 646 996 683 sed
1021 645 1085 683 vix
1111 645 1282 683 convivio

179 698 396 736 liberorum.
426 698 614 736 Detractis
633 699 748 749 igitur
766 705 821 736 tot
839 701 950 737 rebus
969 711 1017 736 ex
1034 699 1105 736 hoc
1124 698 1284 736 oratorio

180 753 277 799 loco,
308 751 451 789 facetiae
474 752 630 803 reliquae
655 759 756 800 sunt,
785 765 871 803 quae
897 759 964 790 aut
988 751 1028 788 in
1053 764 1092 789 re
1112 754 1172 795 (ut
1197 758 1284 788 ante

182 805 308 852 divisi)
341 805 471 855 positae
504 805 679 843 videntur
711 818 802 853 esse,
837 812 903 842 aut
934 806 975 842 ir.
1007 806 1131 842 verbo.
1178 804 1285 841 Nam

183 858 300 909 quod,
321 858 624 909 quibuscumque
650 859 770 896 verbis
796 858 948 907 dixeris,
968 857 1134 895 facetum
1159 864 1286 895 tamen

184 918 253 959 est,
274 924 314 948 re
333 912 567 949 continetur:
599 912 701 962 quod
718 911 873 949 mutatis
892 911 1014 949 verbis
1033 912 1151 949 salem
1175 911 1287 948 amit-⁴

184 965 244 1013 tit,
264 963 307 1001 in
324 965 445 1002 verbis
463 964 576 1002 habet
593 965 760 1015 leporem
780 977 944 1002 omnem.

237 1017 436 1067 Ambigua
455 1025 543 1055 sunt
560 1017 600 1054 in
619 1018 751 1068 primis
765 1025 888 1065 acuta,
909 1025 1022 1068 atque
1034 1016 1075 1054 in
1090 1018 1203 1055 verbo
1221 1029 1288 1067 po-

186 1071 270 1117 sita,
297 1083 373 1108 non
398 1071 438 1108 in
464 1084 527 1108 re:
558 1071 622 1108 sed
647 1083 723 1108 non
747 1084 844 1120 saepe
862 1083 1048 1121 magnum
1066 1070 1186 1107 risum
1204 1082 1286 1107 mo-

185 1131 298 1162 vent:
329 1124 450 1174 magis
475 1131 518 1161 ut
535 1124 633 1161 belle
652 1131 688 1161 et
705 1124 850 1162 literate
867 1124 967 1161 dicta
989 1123 1215 1161 laudantur:
1247 1130 1291 1160 ut

187 1178 228 1214 in
243 1177 353 1214 illum
368 1177 532 1224 Titium,
553 1190 682 1227 quem,
699 1190 786 1215 cum
801 1177 962 1214 studiose
979 1176 1058 1227 pila
1075 1176 1234 1222 luderet,
1255 1182 1292 1213 et

189 1230 292 1268 idem
312 1230 419 1280 signa
437 1242 540 1267 sacra
557 1237 669 1267 noctu
688 1230 858 1280 frangere
876 1237 1084 1281 putaretur,
1105 1229 1291 1280 gregales-

189 1296 278 1335 que,
305 1296 393 1320 cum
418 1282 459 1320 in
477 1295 655 1333 campum
674 1295 750 1320 non
769 1283 941 1329 venisset,
962 1283 1204 1333 requirerent,
1225 1295 1291 1320 ex-

189 1336 333 1375 cusavit
351 1336 479 1386 Vespa
496 1336 710 1383 Terentius,
731 1336 833 1387 quod
851 1349 940 1374 eum
960 1339 987 1359 “
1003 1336 1200 1373 brachium
1218 1335 1291 1372 fre-

189 1390 346 1481 gli'lsjse”
332 1390 493 1427 diceret:
513 1396 557 1427 ut
574 1389 670 1427 illud
688 1389 876 1437 Africani,
896 1389 999 1440 quod
1018 1396 1073 1428 est
1090 1389 1193 1441 apud
1211 1389 1292 1426 Lu-

191 1456 212 1488 c
254 1455 346 1481 um:

248 1519 276 1540 ‘⁶
293 1516 429 1568 Quid?
456 1517 610 1566 Decius,
639 1518 835 1557 Nuculam
860 1530 909 1556 an
935 1516 1128 1556 confixum
1157 1516 1213 1555 vis
1240 1516 1297 1555 fa-

406 1574 518 1614 cere?
546 1572 712 1624 inquit.'’

191 1661 249 1699 Ut
266 1668 354 1699 tuus
373 1661 530 1708 amicus,
552 1662 696 1708 Crasse,
715 1661 894 1722 Granius,
916 1663 944 1683 “
959 1673 1036 1699 non
1051 1673 1128 1698 esse
1146 1666 1296 1697 sextan-

191 1715 251 1752 tis.
255 1715 280 1733 ’⁹
320 1714 387 1761 Et,
414 1714 446 1751 si
471 1715 650 1765 quaeritis,
675 1715 721 1762 is,
748 1715 816 1766 qui
840 1714 1052 1765 appellatur
1073 1713 1197 1760 dicax,
1225 1712 1298 1750 hoc

191 1780 329 1828 genere
349 1767 520 1805 maxime
544 1769 723 1806 excellet·
754 1767 819 1805 sed
836 1768 932 1805 risus
949 1772 1103 1804 movent
1121 1766 1196 1804 alia
1213 1777 1295 1802 ma-

187 1822 299 1870 jores.
334 1820 578 1871 Ambiguum
592 1834 659 1872 per
677 1834 715 1859 se
732 1820 859 1871 ipsum
873 1821 1066 1880 probatur
1066 1819 1106 1856 id
1124 1817 1295 1869 quidem,

192 1881 237 1911 ut
262 1879 349 1911 ante
375 1873 468 1921 dixi,
495 1874 555 1911 vel
579 1874 770 1911 maxime.
801 1872 998 1933 ingeniosi
1009 1872 1111 1913 enim
1135 1871 1297 1918 videtur,

191 1927 271 1965 vim
296 1926 427 1965 verbi
417 1939 457 1964 111
476 1926 593 1973 aliud,
614 1934 727 1978 atque
745 1927 867 1964 caeteri
885 1925 1081 1977 accipiant,
1101 1937 1208 1975 posse
1226 1923 1297 1961 du-

192 1992 296 2017 cere:
329 1979 393 2017 sed
417 1980 703 2018 admirationem
734 1980 856 2030 mag-is
881 1992 998 2030 quam
1015 1979 1136 2016 risum
1153 1985 1295 2025 movet,

193 2032 266 2071 nisi
284 2032 315 2070 si
333 2033 485 2084 quando
503 2033 660 2072 incidit
650 2046 690 2071 m
709 2033 813 2070 aliud
831 2045 950 2083 genus
967 2031 1128 2070 ridiculi.

247 2085 410 2124 LXIII.
431 2086 531 2134 Quae
547 2099 684 2138 genera
697 2099 912 2138 percurram
927 2085 1126 2137 equidem.
1149 2083 1214 2122 sed
1229 2082 1298 2121 sci-

192 2139 240 2178 tis
256 2151 333 2176 esse
351 2139 589 2178 notissimum
607 2140 755 2178 ridiculi
772 2152 905 2191 genus,
926 2152 1014 2177 cum
1028 2137 1132 2176 aliud
1147 2149 1298 2188 exspec-

194 2205 332 2242 tamuS,
354 2193 458 2231 aliud
476 2194 624 2232 dicitur.
656 2194 712 2232 H
702 2206 736 2232 1c
754 2192 970 2232 nobismet
960 2192 1050 2244 ipsis
1064 2197 1188 2230 noster
1202 2202 1302 2228 error
