1407 2334
233 125 310 165 DE
338 126 628 175 ORATORE,
659 128 754 166 Lm.
777 126 833 165 11.
863 127 965 166 CAP.
985 127 1048 165 64.
1105 128 1183 167 259

105 231 222 269 risum
246 240 382 271 movet.
422 233 536 281 Quod
561 234 592 271 si
617 234 829 272 admixtum
854 241 909 272 est
937 234 1049 272 etiam
1079 233 1200 270 ambi-

106 296 240 333 guum,
259 285 303 323 fit
320 286 476 331 salsius;
498 294 541 324 ut
558 287 659 338 apud
678 288 717 324 N
721 288 856 324 aevium
875 286 1020 324 videtur
1038 299 1115 323 esse
1127 286 1201 322 mi-

107 337 257 375 sericors
270 338 348 385 ille,
364 339 430 390 qui
438 339 648 387 judicatum
663 340 749 377 duci
761 340 872 385 videt,
888 345 1122 389 percontatus
1134 339 1200 385 ita,

109 392 137 410 “
155 390 300 436 Quanti
319 391 518 430 addictus?
541 393 645 429 mille
663 393 905 429 nummum?
943 392 984 429 si
1003 392 1203 429 addidisset

108 444 385 491 tantummodo,
397 447 424 466 “
433 444 560 482 Ducas
571 445 656 482 licet
665 446 705 489 ;''
719 454 811 482 esset
822 444 917 481 illud
928 457 1046 494 genus
1057 444 1204 481 ridiculi

107 503 240 544 praeter
250 498 560 547 exspectationem
576 512 585 534 ε
603 498 680 543 sed,
697 498 787 548 quia
801 497 955 544 addidit,
975 501 1002 519 “
1016 497 1125 534 Nihil
1140 496 1205 533 ad-

109 547 158 584 do
168 562 177 584 :
188 548 300 586 ducas
307 550 393 587 licet
401 550 442 595 ;''
451 550 576 587 addito
584 550 893 600 ambiguo,a1tero
901 563 1033 600 genere
1042 549 1203 595 ridiculi,

109 599 196 647 fuit,
216 609 259 638 ut
272 602 367 639 mihi
385 602 538 654 quidem
557 603 717 649 videtur,
738 603 992 641 salsissimum.
1023 603 1108 639 Hoc
1123 610 1205 639 tum

111 660 166 689 est
190 655 507 702 venustissimum,
528 668 615 693 cum
640 656 680 693 in
699 656 934 693 altercatione
959 655 1134 706 arripitur
1158 656 1205 692 ab

111 705 320 744 adversario
339 710 509 755 verbum,
530 716 566 745 et
584 721 631 746 ex
656 721 711 755 eo,
732 715 775 746 ut
793 721 815 745 a
834 708 969 746 Catulo
993 708 1033 744 in
1060 707 1207 758 Philip-

113 770 220 807 pum,
240 759 280 796 in
295 772 382 797 eum
396 761 521 811 ipsum
537 761 693 812 aliquid,
714 762 780 813 qui
798 761 992 807 lacessivit,
1012 761 1206 809 infligitur.

113 811 188 848 Sed
212 824 298 849 cum
324 813 433 863 plura
457 814 530 852 sint
555 814 723 864 ambigui
748 825 896 864 genera,
923 814 969 850 de
993 813 1130 864 quibus
1156 821 1211 850 est

112 862 280 902 doctrina
310 866 484 916 quaedam
515 866 710 912 subtilior;
740 866 928 904 attendere
961 873 997 903 et
1029 866 1208 915 aucupari

113 918 226 953 verba
249 919 455 968 oportebit:
486 919 525 956 in
551 931 640 969 quo,
661 927 705 957 ut
722 933 778 966 ea,
807 932 893 969 quae
911 918 985 956 sint
1001 917 1206 968 frigidiora,

111 967 271 1008 vitemus
290 972 444 1013 (etenim
463 971 669 1009 cavendum
685 980 752 1018 est,
767 984 816 1009 ne
833 971 1047 1009 arcessitum
1066 971 1207 1009 dictum

113 1029 297 1070 putetur),
316 1025 504 1074 permulta
523 1032 648 1062 tamen
667 1032 773 1062 acute
790 1024 968 1061 dicemus.

166 1075 345 1113 Alterum
363 1090 481 1128 genus
500 1085 568 1124 est,
589 1077 691 1128 quod
708 1078 823 1114 habet
840 1089 995 1127 parvam
1015 1076 1118 1114 verbi
1135 1076 1209 1114 im-

113 1129 373 1177 mutationem,
401 1130 516 1181 quod,
543 1130 583 1166 in
605 1130 712 1168 liter&
735 1130 914 1181 positum,
936 1129 1059 1166 Graeci
1076 1136 1209 1167 vocant

116 1186 394 1231 Παρονομασιαν,
414 1191 458 1220 ut
478 1184 725 1230 Nobiliorem,
746 1184 973 1220 mobiliorem
988 1182 1108 1227 Cat03
1129 1190 1209 1228 aut,

115 1239 159 1270 ut
177 1232 291 1282 idem,
311 1247 398 1272 curn
417 1236 567 1274 cuidam
585 1236 751 1283 dixisset,
773 1239 801 1258 ‘⁶
821 1235 967 1273 Eamus
991 1235 1211 1272 deambula-

117 1292 200 1322 tum
213 1287 255 1332 ;”
284 1295 320 1325 et
345 1288 423 1335 ille,
461 1292 488 1311 “
514 1288 620 1335 Quid
651 1301 745 1340 opus
776 1289 849 1326 fuit
880 1291 924 1326 de
938 1288 989 1325 ?'’
1029 1290 1058 1310 ‘⁶
1084 1287 1212 1324 Immo

118 1340 246 1386 vero,''
271 1340 408 1391 inquit,
436 1344 464 1363 “
484 1342 576 1392 quid
604 1354 699 1392 opus
727 1341 801 1379 fuit
828 1348 863 1378 te
876 1341 927 1378 ?''
956 1347 1022 1378 aut
1046 1339 1212 1388 ejusdem

117 1392 304 1479 gesponsio
321 1394 401 1441 illa,
423 1396 451 1417 ‘⁶
467 1395 508 1432 Si
526 1402 568 1431 tu
587 1402 624 1432 et
642 1394 829 1442 adversus,
853 1401 890 1432 et
903 1405 1067 1441 aversus,
1087 1392 1212 1444 impu-

147 1443 222 1482 'cus
241 1446 319 1482 es.''

173 1497 302 1535 Etiam
327 1498 579 1551 interpretatio
603 1500 765 1538 nominis
789 1500 903 1537 habet
927 1510 1098 1545 acumen,
1126 1511 1212 1536 cum

120 1550 168 1587 ad
182 1550 381 1588 ridiculum
396 1561 598 1600 convertas,
615 1555 859 1605 quamobrem
873 1553 927 1590 ita
940 1552 1023 1603 quis
1038 1559 1187 1589 vocetur
1200 1565 1212 1595 ;

119 1610 163 1640 ut
192 1616 260 1654 ego
289 1616 421 1655 nuper,
449 1606 488 1643 N
491 1606 680 1643 ummium
705 1606 916 1652 divisorem,
943 1613 986 1641 ut
1011 1604 1217 1654 Neoptole-

119 1669 227 1694 mum
246 1657 294 1694 ad
311 1657 483 1707 Trojam,
503 1659 555 1696 sic
572 1658 682 1696 illurn
700 1659 740 1696 in
758 1658 905 1710 Campo
920 1657 1062 1695 Martio
1076 1669 1214 1695 nomen

120 1722 316 1748 invenisse.

174 1763 327 1801 LXIV.
341 1764 472 1815 Atque
482 1763 562 1802 haec
573 1764 700 1802 omnia
711 1766 823 1802 verbo
835 1763 1080 1802 continentur.
1111 1763 1218 1812 Saepe

121 1815 235 1854 etiam
254 1829 379 1854 versus
397 1817 514 1855 facete
531 1818 793 1868 interponitur,
819 1818 878 1855 vel
897 1824 940 1853 ut
956 1823 1025 1863 est,
1045 1815 1104 1852 vel
1123 1827 1216 1864 pau-

120 1868 246 1905 lulum
259 1869 505 1915 i1nmutatus3
527 1878 592 1908 aut
610 1870 737 1922 aliqua
754 1883 839 1921 pars
858 1872 995 1915 versus,
1015 1875 1058 1905 ut
1077 1867 1218 1905 Statius

120 1921 262 1959 Scauro
280 1922 551 1968 stomachanti;
572 1936 618 1961 ex
633 1936 708 1974 quo
723 1930 810 1960 sunt
823 1921 1010 1969 nonnulli,
1030 1920 1097 1971 qui
1112 1927 1217 1957 tuam

121 1973 244 2024 legem
262 1974 308 2012 de
326 1975 473 2013 civitate
490 1983 633 2024 natam,
654 1976 798 2023 Crasse,
817 1975 966 2013 dicant:

177 2042 205 2063 “
225 2041 282 2089 St,
302 2048 432 2088 tacete,
455 2041 549 2093 quid
572 2042 642 2080 hoc
667 2041 837 2080 clamoris
849 2043 868 2080 ?
897 2040 1035 2092 quibus
1053 2050 1123 2076 nec
1138 2049 1219 2075 ma-

334 2101 402 2141 ter,
423 2106 490 2132 nec
506 2102 625 2145 pater,

176 2145 303 2184 Tanta
327 2146 553 2185 confidentia
581 2148 666 2187 estis
679 2150 697 2187 ?
725 2147 868 2186 auferte
892 2146 1002 2184 istam
1029 2143 1130 2183 enim
1155 2156 1199 2181 su

333 2199 543 2250 pe'rbiam.‘’
1199 2207 1203 2211 ⁴
