1429 2344
150 121 230 155 446
259 117 336 156 DE
357 117 563 157 CLARIS
583 116 975 165 ORATORIBUS,
996 117 1100 156 CAP.
1117 119 1181 157 96.

142 226 318 276 lippum:
362 224 428 263 sed
459 223 697 263 mirabantur
732 224 1008 270 adolescentoeg
1049 224 1260 263 multitudo

148 281 385 317 movebatur.

198 334 295 371 Erat
313 332 499 371 excellens
510 332 654 381 judicio
672 333 794 384 vulgi,
815 340 852 372 et
869 332 980 370 facile
993 332 1136 383 primas
1154 339 1261 370 tene-

144 389 223 433 bat,
244 387 473 425 adolescens.
502 387 589 425 Etsi
608 386 710 424 enim
738 399 859 438 genus
877 385 975 424 illud
1002 385 1151 424 dicendi
1172 399 1261 424 auc-

144 440 304 478 toritatis
319 441 484 479 habebat
494 454 647 491 parum,
657 448 785 478 tamen
801 448 936 492 aptum
949 453 1026 477 esse
1041 440 1143 477 aetati
1157 439 1262 477 vide-

143 495 278 532 batur:
301 501 338 532 et
357 501 468 541 certe,
485 494 589 545 quod
608 502 644 532 et
663 494 806 545 ingenii
825 493 1002 545 quaedam
1021 493 1145 531 forma
1158 494 1262 531 luce-

143 549 223 594 bat,
252 556 289 586 et
307 548 572 586 exercitatione
590 548 754 599 perfecta
779 556 871 596 erat,
898 548 1176 598 verborumque
1195 547 1263 584 ad-

144 602 273 640 stricta
304 602 603 653 comprehensio,
639 614 832 640 summam
863 601 1067 639 hominum
1097 600 1263 639 admira-

144 654 289 693 tionem
309 656 509 694 excitabat.
539 656 628 704 Sed,
650 669 738 694 cum
760 657 843 705 jam
861 656 1034 702 honores,
1061 663 1099 693 et
1120 654 1187 692 illa
1206 667 1263 692 se-

144 709 229 746 nior
247 710 448 748 auctoritas
466 709 620 760 gravius
648 709 832 761 quiddam
851 709 1071 761 requireret,
1092 721 1264 746 remane-

145 764 212 800 bat
242 763 359 810 idem,
384 776 453 801 nec
482 763 637 801 decebat
665 763 791 802 idem:
824 763 1004 815 quodque
1029 762 1264 823 exergfitatio-

145 828 235 854 nem
254 817 502 868 studiumque
522 817 728 863 dimiserat,
744 817 876 868 quod
865 830 906 854 1n
925 830 969 855 eo
986 815 1111 854 fuerat
1129 815 1264 854 acerri-

145 882 271 918 mum,
292 871 522 909 concinnitas
533 871 600 909 illa
612 871 865 923 crebritasque
883 870 1154 909 sententiarum
1167 869 1264 920 pris-

146 923 227 962 tina
245 927 450 971 manebat3
482 925 547 963 sed
567 939 610 963 ea
628 925 767 964 vestitu
786 925 853 963 illo
867 924 1060 972 orationis,
1077 936 1154 975 quo
1173 935 1263 962 con-

148 987 334 1026 sueverat,
355 986 488 1017 ornata
505 991 583 1016 non
602 987 694 1017 erat.

202 1031 290 1071 Hoc
305 1032 375 1070 tibi
392 1033 470 1078 ille,
492 1033 628 1079 Brute,
649 1033 777 1070 minus
795 1032 949 1071 fortasse
966 1031 1124 1083 placuit,
1144 1044 1262 1082 quam

144 1086 361 1136 placuisset,
389 1087 421 1124 si
450 1087 563 1124 illum
593 1087 818 1137 flagrantem
844 1086 986 1135 studio,
1007 1093 1045 1124 et
1062 1085 1260 1123 florentem

146 1139 341 1186 facultate,
363 1140 494 1178 audire
513 1140 710 1191 potuisses.

200 1193 354 1232 XCVI.
386 1195 493 1231 Tum
524 1195 686 1241 Brutus,
714 1194 800 1245 Ego
830 1205 932 1238 vero,
958 1193 1097 1244 inquit,
1119 1199 1156 1230 et
1172 1192 1260 1240 ista,

146 1260 233 1298 quae
252 1247 358 1294 dicis,
379 1248 489 1286 video
515 1248 644 1299 qualia
669 1248 768 1294 sint;
800 1255 837 1286 et
870 1247 1122 1285 Hortensium
1152 1259 1263 1297 mag-

145 1313 241 1339 num
267 1308 454 1340 oratorem
480 1315 627 1352 semper
651 1302 798 1353 putavi,
829 1300 1075 1352 maximeque
1104 1301 1263 1351 probavi

145 1368 215 1416 pro
235 1355 406 1393 Messala
424 1355 626 1403 dicentem,
651 1369 739 1394 cum
759 1363 802 1393 tu
821 1354 989 1393 abfuisti.
1026 1353 1089 1393 Sic
1117 1354 1260 1401 ferunt,

145 1409 305 1459 inquam
314 1423 326 1454 3
342 1408 458 1460 idque
465 1409 643 1457 declarat,
653 1410 825 1456 totidem,
834 1415 928 1460 quot
935 1407 1047 1456 dixit,
1063 1409 1125 1459 (ut
1136 1409 1262 1455 aiunt)

142 1463 284 1513 scripta
311 1463 447 1514 verbis,
468 1463 598 1501 oratio.
640 1463 747 1514 Ergo
768 1463 833 1501 ille
851 1476 874 1500 a
895 1462 1029 1500 Crasso
1053 1462 1206 1500 consule
1224 1469 1262 1500 et

147 1516 318 1554 Scaevola
349 1530 472 1568 usque
502 1517 551 1555 ad
569 1518 740 1555 Paulum
769 1525 806 1555 et
833 1516 1066 1558 Marcellum
1091 1516 1263 1554 consules

146 1570 274 1608 floruit
290 1584 302 1615 ς
332 1583 401 1609 nos
419 1571 459 1608 in
479 1572 611 1609 eodem
623 1584 735 1610 cursu
753 1571 899 1609 fuimus
918 1584 940 1608 a
959 1569 1069 1609 Sulla
1083 1570 1264 1608 dictatore

146 1623 196 1660 ad
217 1624 367 1661 eosdem
392 1624 469 1662 fere
498 1625 682 1663 consules.
723 1625 786 1664 Sic
815 1624 869 1672 Q.
889 1623 1088 1663 Hortensii
1105 1637 1180 1662 vox
1198 1636 1266 1662 ex-

145 1676 286 1722 stincta
303 1677 382 1715 fato
396 1691 464 1716 suo
484 1685 552 1727 est,
572 1685 702 1717 nostra
719 1679 886 1731 publico.

202 1731 362 1777 Melius,
384 1745 526 1782 quaeso,
545 1732 728 1778 ominare,
745 1732 872 1784 inquit
889 1733 1050 1770 Brutus.
1081 1731 1139 1771 Sit
1157 1743 1260 1778 sane,

150 1792 196 1822 ut
215 1785 284 1832 vis,
318 1785 507 1836 inquam;
538 1794 575 1823 et
599 1786 640 1823 id
668 1798 745 1824 non
768 1794 849 1824 tam
880 1786 967 1824 mea
999 1785 1126 1833 causa,
1146 1798 1265 1836 quam

150 1838 247 1876 tua:
279 1838 344 1876 sed
367 1839 582 1877 fortunatus
611 1839 714 1878 illius
744 1840 881 1888 exitus,
902 1839 969 1890 qui
998 1852 1042 1876 ea
1070 1851 1147 1876 non
1171 1838 1265 1876 vidit

147 1904 239 1930 cum
257 1892 404 1939 fierent,
425 1906 513 1944 quae
535 1893 699 1944 providit
720 1893 863 1931 futura.
904 1894 1013 1943 Saepe
1043 1893 1145 1930 enim
1167 1892 1265 1929 inter

149 1957 218 1984 nos
233 1946 495 1997 impendentes
525 1959 631 1985 casus
663 1947 901 1995 deflevimus,
921 1959 1009 1984 cum
1035 1945 1127 1983 belli
1145 1945 1265 1983 civilis

150 2012 283 2038 causas
312 2000 353 2037 in
379 2000 617 2051 privatorum
647 2000 917 2051 cupiditatibus
948 1999 1127 2045 inclusas,
1161 1997 1265 2050 pacis

151 2065 259 2103 spem
288 2067 312 2091 a
339 2054 494 2105 publico
518 2054 673 2093 consilio
699 2067 778 2093 esse
803 2055 1011 2100 exclusam,
1038 2052 1264 2091 videremus.

152 2106 228 2145 Sed
254 2106 367 2145 illum
397 2108 545 2147 videtur
576 2107 767 2146 felicitas
757 2107 890 2159 1psius‚
925 2120 1002 2158 qua
1032 2118 1182 2157 semper
1211 2111 1267 2143 est

150 2172 272 2251 Esus,
279 2162 328 2200 ab
340 2161 392 2201 eis
409 2162 571 2202 miseriis
589 2175 677 2214 quae
694 2168 902 2201 consecutae
920 2167 1024 2210 sunt,
1043 2167 1166 2199 morte
1182 2159 1267 2198 vin-

179 2226 306 2254 masse.
