1407 2308
213 74 290 116 DE
317 75 610 126 ORATORE,
639 76 737 114 11113.
759 74 817 114 ΙΙ.
847 74 951 138 CAIf.
971 75 1036 112 45.
1090 73 1170 111 239

75 182 282 222 videantur.
328 183 369 222 Si
387 197 426 222 se
443 183 548 232 dant,
569 191 606 222 et
624 185 684 226 (ut
709 190 795 221 ante
820 182 917 229 dixi)
936 182 1004 220 sua
1022 186 1169 232 sponte,

72 249 149 288 quo
166 236 409 288 impellimus,
424 237 606 276 inclinant
620 244 733 288 atque
746 236 980 287 propendent
994 249 1005 281 3
1028 233 1169 284 accipio

73 289 174 340 quod
199 290 323 336 datur,
351 297 387 328 et
405 291 453 328 ad
471 291 524 338 id,
544 290 644 328 unde
663 290 798 341 aliquis
818 290 928 327 flatus
946 288 1167 332 ostenditur,

71 343 154 380 vela
179 342 238 381 do.
285 344 352 381 Sin
377 351 432 382 est
456 344 598 394 integer
617 345 841 394 quietusque
856 343 989 391 judex,
1009 342 1095 392 plus
1115 345 1170 378 est

69 396 216 446 operis:
246 404 335 434 sunt
363 397 464 434 enim
493 397 622 434 omnia
649 397 806 434 dicendo
831 395 1041 442 excitanda,
1071 393 1168 432 nihil

66 449 269 498 adjuvante
293 450 439 488 natura.
487 451 562 488 Sed
580 457 724 487 tantam
743 450 821 487 vim
839 450 953 486 habet
977 449 1057 496 illa,
1081 459 1168 498 quae

65 509 163 540 recte
181 516 203 540 a
220 504 320 541 bono
337 503 450 554 potita
468 503 567 542 dicta
585 510 640 541 est
660 506 688 525 ‘⁶
704 503 919 550 flexanima,
946 509 1059 552 atque
1083 513 1167 538 om-

64 555 172 593 nium
191 556 320 606 regina
338 557 507 605 rerum,”
527 557 658 604 oratio,
685 563 729 594 ut
747 567 823 593 non
846 555 960 593 modo
978 555 1165 592 inclinan-

65 615 142 646 tem
161 609 366 660 impellere,
387 618 452 647 aut
471 618 632 648 stantem
657 610 850 656 inclinare,
876 609 940 646 sed
966 608 1079 645 etiam
1097 607 1165 644 ad-

63 670 273 700 versantem
298 670 335 700 et
360 671 648 714 repugnantem,
675 670 719 701 ut
743 663 945 715 imperator
969 663 1091 700 bonus
1120 673 1165 698 ac

62 715 180 762 fortis,
202 729 332 767 capere
349 717 476 767 possit.

115 768 246 807 XLV.
278 770 373 807 Haec
402 777 490 807 sunt
519 770 598 818 illa,
631 783 717 821 quae
748 781 811 806 me
841 768 975 806 ludens
1006 767 1163 805 Crassus

62 822 175 860 modo
200 823 406 873 flagitabat,
439 836 525 861 cum
551 836 574 860 a
598 835 660 860 me
682 822 862 859 divinitus
880 821 1029 859 tractari
1047 821 1163 858 solere

63 875 212 923 diceret,
244 883 281 914 et
308 876 348 913 in
379 876 491 914 caus‘ssa
522 876 584 913 Μ’
603 875 769 926 Aquilii,
801 875 844 913 C.
873 887 947 925 que
972 873 1160 921 Norbani,

59 928 326 980 nonnullisque
355 929 451 978 aliis,
486 928 595 980 quasi
628 929 803 979 praeclare
836 935 931 975 acta,
964 927 1159 965 laudaret:

59 993 158 1032 quae,
177 982 403 1030 mehercule,
425 995 507 1033 ego,
528 982 674 1030 Crasse,
694 994 782 1019 cum
801 994 824 1018 a
841 988 878 1018 te
896 986 1103 1018 tractantur
1121 980 1161 1017 in

58 1034 192 1083 causis,
222 1034 372 1073 horrere
401 1036 524 1073 soleo:
554 1042 660 1073 tanta
687 1035 743 1072 vis
772 1034 904 1082 animi,
933 1041 1059 1072 tantus
1086 1033 1160 1070 im-

56 1095 178 1139 petus,
194 1093 321 1126 tantus
338 1088 458 1136 dolor,
478 1089 609 1138 oculis,
629 1088 753 1136 vultu,
774 1095 895 1138 gestu,
917 1087 1034 1137 digito
1053 1086 1160 1124 deni-

57 1153 132 1192 que
161 1141 232 1179 isto
260 1147 341 1190 tuo,
373 1142 574 1192 significari
604 1142 720 1180 solet:
750 1148 900 1178 tantum
930 1147 984 1178 est
1013 1141 1158 1178 flumen

56 1194 362 1244 gravissimorum
393 1195 700 1246 optimorumque
735 1195 949 1241 verborum,
983 1199 1062 1230 tam
1097 1193 1158 1230 in-

57 1254 170 1297 tegrae
188 1249 393 1295 sententiae,
414 1255 493 1286 tam
512 1261 621 1296 verae,
641 1254 721 1285 tam
739 1259 860 1295 novae,
880 1254 960 1284 tam
979 1246 1058 1283 sine
1071 1246 1156 1296 pig-

56 1301 192 1338 mentis
209 1301 372 1352 fucoque
390 1301 539 1352 puerili,
560 1308 603 1339 ut
620 1301 715 1338 mihi
730 1313 805 1338 non
825 1301 948 1338 solum
966 1306 1008 1336 tu
1027 1299 1156 1337 incen-

57 1353 142 1390 dere
157 1354 337 1402 judicem,
358 1354 423 1392 sed.
440 1355 520 1405 ipse
538 1354 679 1401 ardere,
700 1353 869 1391 videaris.

107 1406 245 1458 Neque
263 1408 342 1445 fieri
356 1414 490 1458 potest,
506 1413 550 1444 ut
563 1407 687 1445 doleat
700 1406 731 1444 is
746 1407 812 1457 qui
826 1405 947 1453 audit,
962 1412 1006 1443 ut
1020 1404 1152 1454 oderit,

53 1465 96 1496 ut
112 1459 289 1508 invideat,
309 1467 353 1498 ut
371 1461 607 1511 pertimescat
625 1459 782 1510 aliquid,
803 1467 846 1496 ut
865 1459 912 1496 ad
930 1459 1061 1496 fletum
1080 1459 1154 1496 mi-

57 1512 367 1564 sericordiamque
385 1513 605 1561 deducatur,
625 1513 697 1550 nisi
715 1525 844 1550 omnes
857 1513 884 1549 ii
897 1520 1036 1559 motus,
1058 1525 1153 1563 quos

52 1572 175 1603 orator
192 1566 368 1604 adhibere
386 1567 485 1605 volet
498 1566 630 1616 judici,
662 1566 702 1603 in
720 1565 801 1616 ipso
820 1573 964 1603 oratore
980 1565 1153 1615 impressi

52 1631 128 1656 esse
146 1625 258 1670 atque
276 1619 392 1658 inusti
410 1619 649 1658 videbuntur.
696 1618 813 1666 Quod
831 1619 863 1657 si
880 1619 988 1656 fictus
1014 1618 1151 1670 aliquis

51 1671 155 1710 dolor
185 1672 441 1724 suscipiendus
466 1680 572 1721 esset,
603 1679 639 1711 et
667 1672 698 1711 si
726 1673 766 1710 in
799 1671 984 1721 ejusmodi
1014 1683 1151 1722 genere

51 1725 226 1764 orationis
249 1726 345 1764 nihil
369 1732 476 1774 esset,
496 1726 567 1764 nisi
585 1726 725 1764 falsum
743 1732 856 1776 atque
874 1724 1082 1762 imitatione
1101 1724 1152 1762 si-

51 1779 253 1827 mulatum,
267 1781 389 1829 major
406 1792 465 1817 ars
483 1779 610 1830 aliqua
627 1779 781 1818 forsitan
801 1785 895 1816 esset
912 1777 1148 1830 requirenda.

53 1831 170 1870 Nunc
198 1845 280 1883 ego,
307 1832 400 1884 quid
425 1832 507 1882 tibi,
535 1833 680 1881 Crasse,
708 1832 801 1883 quid
825 1832 966 1870 caeteris
991 1831 1147 1878 accidat,

52 1885 198 1923 nescio:
228 1885 275 1923 de
291 1899 354 1924 me
372 1893 513 1935 autem,
534 1899 645 1924 causa
663 1886 769 1923 nulla
788 1892 856 1932 est,
876 1897 942 1922 cur
960 1883 1063 1934 apud
1080 1883 1149 1920 ho-

52 1937 171 1977 mines
204 1939 512 1989 prudentissimos
547 1946 661 1990 atque
697 1938 939 1976 amicissimos
975 1936 1148 1974 mentiar.

55 1989 159 2039 Non,
182 1992 407 2041 mehercule,
431 2005 617 2043 unquam,
648 1992 750 2043 apud
773 1991 931 2040 judices,
949 1991 1024 2026 'aut
1045 1988 1151 2026 dolo-

54 2055 148 2091 rem,
175 2052 242 2082 aut
267 2046 571 2094 misericordiam,
602 2053 670 2083 aut
696 2045 892 2091 invidiam,
924 2049 991 2080 aut
1019 2041 1149 2079 odium

53 2095 212 2134 excitare
235 2098 391 2137 dicendo
420 2098 537 2146 volui,
569 2099 662 2150 quin
686 2098 780 2148 ipse,
806 2096 846 2134 in
871 2094 1150 2134 commovendis

47 2148 249 2199 Judicibus,
276 2150 322 2191 ii·
350 2151 439 2203 ipsis
464 2151 648 2200 sensibus,
678 2151 726 2190 ad
751 2163 847 2202 quos
863 2149 948 2190 illos
966 2147 1152 2188 adducere
