1429 2344
166 98 246 137 244
300 97 377 138 DE
405 99 701 151 oRA'roRE,
731 101 830 141 ιω.
852 101 911 141 11.
941 101 1045 142 cip.
1066 103 1132 142 50.

163 217 295 245 corum
320 206 512 259 periculis,
540 209 638 247 nihil
661 221 835 262 unquam
858 223 928 261 pro
952 209 1110 261 meiPSO,
1139 207 1271 260 depre-

163 266 304 297 catum.
352 261 427 309 Sic,
455 262 495 299 in
524 262 593 301 illa
621 264 727 301 omni
756 263 969 302 defensione
999 271 1113 315 atque
1142 261 1269 310 causa,

166 313 270 362 quod
303 327 380 351 esse
411 315 451 352 in
484 324 562 354 arte
593 317 759 367 positum
791 317 1002 365 videbatur,
1035 324 1081 354 ut
1112 315 1159 354 de
1187 315 1271 366 lege

165 366 337 416 Apuleia
351 367 527 418 dicerem,
543 376 600 418 ut,
617 370 710 421 quid
729 378 822 408 esset
835 371 1006 408 minuere
1019 370 1270 419 majestatem,

165 420 407 469 explicarem,
439 436 624 474 perquam
653 424 814 462 breviter
842 424 1044 475 perstrinxi
1072 430 1186 474 atque
1216 429 1273 459 at-

164 472 246 522 tigi.
288 474 362 512 His
382 475 529 514 duabus
554 478 725 528 partibus
751 478 940 525 orationis,
968 490 1132 528 quarum
1158 477 1275 514 altera

166 526 453 566 concitationem
479 530 606 579 habet,
635 532 753 569 altera
778 530 1158 578 commendationem,
1187 542 1274 580 quae

165 579 326 618 minime
351 584 546 634 praeceptis
571 585 711 622 artium
738 592 825 622 sunt
842 584 1050 636 perpolitae,
1077 582 1200 620 omnis
1219 589 1274 619 est

165 645 189 669 a
202 646 265 671 me
284 634 351 672 ina
369 649 480 674 causa
499 645 669 686 tractata,
690 646 734 676 ut
753 646 790 676 et
808 639 1010 676 acerrimus
1028 637 1069 675 in
1085 635 1275 687 Caepionis

165 685 310 725 invidia
337 691 566 740 renovanda,
597 699 634 729 et
660 692 700 729 in
727 692 822 730 meis
853 691 1023 729 moribus
1056 703 1144 741 erga
1170 701 1275 727 meos

165 742 388 780 necessarios
404 744 636 783 declarandis
654 745 994 792 mansuetissimus,
1015 744 1172 782 viderer.
1213 743 1276 781 Ita

166 795 289 844 magis
321 796 462 835 affectis
495 799 631 837 animis
659 799 848 848 judicum,
883 811 1001 850 quam
1033 797 1164 847 doctis,
1193 803 1274 846 tua,

166 847 326 898 Sulpici,
347 858 401 888 est
420 864 443 888 a
461 853 569 890 nobis
588 860 673 890 tum
692 853 877 891 accusatio
896 852 1006 890 victa.

221 902 269 939 L.
300 903 379 942 Hic
395 905 599 955 Sulpicius,
620 906 735 954 Vere,
756 906 921 953 hercule,
941 904 1081 956 inquit,
1108 903 1274 952 Antoni,

165 953 237 993 ista
256 968 528 996 commemoras
543 973 552 997 ε
574 972 666 997 nam
681 973 750 1011 ego
763 960 861 997 nihil
874 972 1048 1010 unquam
1063 958 1154 1005 vidi,
1172 957 1275 1009 quod

166 1015 247 1045 tam
266 1022 286 1047 e
304 1011 481 1050 manibus
497 1013 718 1061 elaberetur,
739 1026 856 1064 quam
870 1012 967 1050 mihi
981 1020 1063 1049 tum
1081 1018 1135 1049 est
1149 1012 1276 1061 elapsa

164 1061 233 1099 ffla
252 1076 375 1102 causa.
423 1065 524 1103 Cum
551 1067 653 1104 enim
680 1066 1022 1118 (quemadmodum
1041 1064 1185 1111 dixisti)
1205 1064 1275 1102 tibi

166 1128 236 1166 ego
255 1129 331 1155 non
342 1117 545 1168 judicium,
563 1120 627 1157 sed
640 1120 873 1167 incendium,
889 1119 1149 1162 tradidissem3
1171 1117 1275 1169 quod

166 1176 279 1208 tuum
298 1172 542 1223 principium,
564 1173 632 1210 Dii
650 1174 895 1222 immortales,
915 1172 1015 1210 fuit!
1042 1171 1110 1224 qui
1130 1171 1270 1209 timor!

166 1236 253 1277 quae
272 1224 456 1263 dubitatio
473 1226 482 1263 Ξ
514 1235 658 1277 quanta
678 1227 877 1275 haesitatio,
907 1233 1122 1277 tractusque
1141 1226 1273 1263 verbo-

165 1290 254 1314 rum
270 1278 280 1315 ἱ
311 1278 368 1316 Ut
393 1279 491 1317 fflud
515 1280 637 1328 initio,
660 1280 763 1331 quod
781 1280 851 1318 tibi
869 1293 992 1317 unum
1011 1279 1060 1317 ad
1077 1279 1273 1330 ignoscen-

166 1330 262 1368 dum
287 1332 459 1371 homines
485 1333 640 1382 dabant,
668 1334 847 1380 tenuisti3
876 1340 913 1372 te
931 1346 1000 1384 pro
1018 1333 1173 1370 homine
1190 1345 1276 1383 per-

165 1386 385 1435 necessario,
407 1394 591 1438 quaestore
608 1394 689 1436 tuo,
709 1387 856 1434 dicere;
878 1400 995 1438 quam
1014 1385 1085 1425 tibi
1102 1386 1273 1437 primum

166 1440 328 1477 munisti
353 1440 401 1477 ad
426 1448 463 1478 te
490 1441 723 1479 audiendum
746 1441 873 1479 viam!
903 1440 1004 1479 Ecce
1022 1447 1164 1488 autem,
1185 1452 1274 1477 cum

166 1498 204 1529 te
229 1493 328 1530 nihil
353 1494 458 1532 aliud
482 1494 680 1545 profecisse
705 1495 918 1543 arbitrarer,
944 1493 1017 1532 nisi
1041 1501 1085 1531 ut
1101 1493 1275 1532 homines

165 1546 249 1594 tibi,
266 1547 387 1585 civem
401 1548 622 1599 improbum
633 1548 862 1597 defendenti,
874 1547 1147 1600 ignoscendum
1161 1559 1275 1598 prop-

166 1606 223 1637 ter
236 1602 549 1640 necessitudinem
567 1603 838 1640 arbitrarentur
851 1616 863 1648 ς
886 1614 1031 1653 serpere
1045 1601 1190 1639 occulte
1204 1613 1275 1638 coe-

166 1653 269 1704 pisti,
291 1655 482 1692 nihildum
500 1656 583 1693 aliis
602 1656 892 1707 suspicantibus,
911 1668 974 1693 me
992 1667 1079 1693 vero
1089 1655 1171 1704 jam
1189 1666 1274 1704 per-

167 1707 398 1756 timescente,
424 1716 469 1746 ut
494 1710 615 1758 illam,
643 1723 720 1748 non
746 1709 921 1748 Norbani
946 1708 1180 1755 seditionem,
1210 1706 1275 1744 sed

165 1761 300 1811 populi
330 1762 498 1800 Romani
527 1763 776 1811 iracundiam,
807 1775 931 1814 neque
960 1775 1044 1800 eam
1073 1761 1271 1810 injustam,

167 1814 233 1852 sed
251 1815 426 1853 meritam
445 1829 488 1853 ac
507 1816 688 1865 debitam,
714 1816 829 1854 fuisse
848 1815 1074 1854 defenderes.
1123 1813 1274 1851 Deinde

167 1867 235 1918 qui
253 1869 357 1906 locus
376 1871 442 1907 abs
467 1877 504 1907 te
529 1871 801 1920 praetermissus
820 1877 875 1913 est
892 1870 932 1906 in
951 1868 1202 1919 Caepionem?
1231 1873 1276 1904 ut

168 1928 211 1958 tu
237 1921 303 1959 illa
321 1923 449 1960 omnia
475 1923 574 1971 odio,
600 1924 757 1971 invidia,
784 1922 1038 1961 misericordi-22
1061 1920 1271 1958 miscuisti!

170 1975 310 2027 Neque
323 1976 404 2014 haec
419 1977 542 2014 solum
556 1977 595 2014 in
611 1977 839 2024 defensione,
856 1976 920 2014 sed
934 1976 1048 2013 etiam
1062 1975 1102 2011 in
1118 1974 1274 2021 Scauro,

169 2030 386 2081 caeterisque
417 2031 511 2068 meis
543 2031 714 2078 testibus,
747 2043 911 2082 quorum
943 2028 1170 2076 testimonia,
1198 2039 1277 2065 non

170 2082 389 2131 refellendo,
419 2084 484 2122 sed
502 2084 551 2121 ad
569 2084 746 2122 eumdem
772 2084 961 2134 impetum
985 2081 1119 2133 populi
1143 2080 1277 2119 confu-

168 2135 321 2186 giendo,
350 2137 534 2175 refutasti,
578 2137 679 2185 Quae
705 2150 794 2176 cum
819 2139 885 2175 abs
910 2144 947 2174 te
972 2135 1086 2174 modo
1111 2146 1278 2173 comme-

170 2199 423 2242 morarentur,
451 2191 628 2244 equidem
652 2192 760 2231 uuna
783 2197 970 2243 praecepta
994 2188 1251 2228 desiderabam
1265 2200 1278 2225 z
