1429 2344
216 67 294 105 364
323 67 399 106 DE
421 68 625 107 CLARIS
645 67 1033 115 ORATORIBUS,
1054 66 1157 106 CAP.
1178 66 1246 104 10.r

209 175 282 221 nis,
302 175 562 213 umbraculisf·
586 175 663 212 Hic
688 175 834 225 primus
860 174 1008 212 inflexit
1031 173 1253 220 orationem,
1276 178 1314 210 et

208 240 293 264 eam
319 229 475 266 mollem
497 235 740 278 teneramque
763 228 952 274 reddidit3
984 234 1021 266 et
1047 227 1171 265 suavis
1199 225 1314 270 (sicut

206 280 297 327 fuit)
318 281 435 318 videri
453 282 603 328 maluit,
633 295 750 332 quam
775 281 923 332 gravi53
953 281 1017 319 sed
1042 280 1224 318 suavitate
1250 279 1310 326 ea,

206 335 286 383 qua
302 334 543 384 perfunderet
561 335 720 382 animos,
740 348 816 372 non
831 335 909 385 qua
925 334 1171 385 perfringeret
1186 347 1196 371 ι
1226 339 1311 370 tan-

206 394 290 424 tum
310 394 354 424 ut
370 388 594 426 memoriam
612 388 871 426 concinnitatis
890 401 981 435 suae,
1001 399 1078 424 non
1108 386 1309 437 (quemad-

205 440 365 478 modum
377 441 423 478 de
436 442 578 480 Pericle
590 442 734 492 scripsit
744 441 937 492 Eupolis),
950 453 1038 478 cum
1049 439 1307 487 delectatione,

204 494 352 531 aculeos
371 495 484 532 etiam
502 495 729 546 relinqueret
746 495 786 532 in
805 495 941 532 animis
960 506 1104 543 eorum,
1124 507 1148 531 a
1169 493 1308 544 quibus

204 554 299 584 esset
318 547 480 586 auditus.

256 600 310 637 X.
340 601 506 639 Videsne
523 601 653 652 igitur,
673 602 713 639 in
733 615 777 639 ea
795 601 877 652 ipsa
896 600 1029 648 urbe,
1018 614 1058 638 m
1073 614 1151 651 qua
1165 605 1201 637 et
1219 607 1310 637 nata

204 660 241 691 et
259 654 336 691 alta
355 655 402 691 sit
421 655 647 706 eloquentia,
669 669 782 706 quam
805 668 848 692 ea
873 668 953 692 sero
978 653 1156 705 prodierit
1180 653 1221 690 in
1246 653 1308 690 lu-

202 710 317 745 cem?
347 707 558 758 Siquidem,
585 717 671 746 ante
691 709 838 746 Solonis
866 715 1029 754 aetatem,
1049 714 1086 745 et
1105 706 1305 753 Pisistrati,

201 760 249 798 de
267 761 387 808 nullo,
408 769 451 799 ut
469 762 619 807 diserto,
640 762 832 800 memoriae
850 762 1044 812 proditum
1070 767 1136 798 est.
1183 760 1242 797 At
1266 760 1308 797 hi

202 814 372 864 quidem,
392 823 436 853 ut
454 816 587 866 populi
599 815 766 853 Romani
785 822 873 852 aetas
887 823 954 862 est,
969 827 1100 858 senesg
1130 821 1174 851 ut
1184 813 1308 851 Athe-

200 867 390 905 niensium
423 869 560 906 saecula
591 876 852 915 numerantur,
883 868 1132 906 adolescentes
1169 867 1307 904 debent

199 921 328 959 videri.
366 923 526 971 Nam,e
507 922 574 959 etsi
594 922 723 960 Servio
742 922 874 959 Tullio
893 928 1072 972 regnante
1090 920 1307 970 viguerunt,

199 981 328 1012 tamen
356 977 478 1012 multo
503 975 645 1013 diutius
670 976 869 1012 Athenae'
856 988 937 1023 Jam
960 981 1078 1020 erant,
1108 986 1226 1024 quam
1252 981 1308 1011 est

199 1028 326 1066 Roma
345 1029 392 1066 ad
410 1028 636 1065 hodiernum
655 1028 780 1065 diem:
811 1041 880 1066 nec
899 1036 1026 1065 tamen
1041 1027 1187 1075 dubito,
1208 1027 1303 1077 quin

197 1081 373 1119 habuerit
398 1081 476 1119 vim
501 1094 681 1132 magnam
701 1094 847 1132 semper
865 1081 994 1118 oratio.
1042 1081 1181 1131 Neque
1200 1080 1303 1118 enim

193 1135 277 1183 jam
309 1135 456 1172 Tro‘l‘cis
486 1135 718 1185 temporibus
748 1142 898 1172 tantum
926 1134 1050 1171 laudis
1082 1134 1122 1170 in
1146 1133 1305 1171 dicendo

199 1188 329 1238 Ulyssi
347 1188 536 1226 tribuisset
553 1189 758 1235 Homerus,
780 1195 816 1225 et
831 1188 997 1234 Nestori,
1019 1190 1198 1238 (quorum
1213 1188 1306 1224 alte-

197 1253 286 1278 rum
305 1242 383 1279 vim
401 1241 539 1279 habere
557 1241 690 1289 voluit,
711 1242 873 1279 alterum
885 1241 1124 1288 suavitatem)
1138 1241 1210 1277 nisi
1220 1241 1302 1289 jam

196 1301 282 1332 tum
305 1303 399 1333 esset
425 1295 543 1332 honos
570 1295 818 1345 eloquentiae3
848 1307 972 1345 neque
996 1294 1076 1344 ipse
1101 1297 1213 1344 poe‘ta
1237 1293 1303 1332 hic

195 1356 275 1385 tam
294 1348 395 1386 idem
415 1357 567 1386 ornatus
585 1348 625 1385 in
644 1348 815 1395 dicendo,
828 1361 871 1386 ac
884 1348 996 1398 plane
1008 1354 1131 1385 orator
1143 1346 1274 1385 fuisset
1287 1361 1299 1384 ε

195 1402 304 1449 cujus
323 1402 391 1439 etsi
408 1402 548 1439 incerta
566 1409 655 1439 sunt
672 1408 855 1451 tempora,
881 1408 1008 1438 tamen
1034 1400 1143 1438 annis
1167 1400 1301 1438 multis

195 1454 269 1492 fuit
287 1462 373 1493 ante
392 1455 606 1492 Romulum
623 1468 634 1500 ;
665 1454 851 1505 siquidem
863 1467 939 1492 non
953 1454 1053 1491 infra
1069 1454 1300 1504 superiorem

195 1508 419 1557 Lycurgum
443 1508 530 1555 fuit,
551 1521 573 1545 a
599 1521 675 1559 quo
699 1515 754 1545 est
776 1507 973 1559 disciplina
992 1507 1300 1546 Lacedaemonio-

193 1573 281 1598 rum
300 1561 476 1599 adstricta
493 1562 652 1611 legibus.

248 1615 323 1652 Sed
342 1615 510 1652 studium
529 1616 610 1664 ejus
629 1615 788 1665 generis,
807 1616 1005 1666 majorque
1030 1615 1100 1662 vis,
1127 1614 1297 1665 agnosci-

191 1676 255 1706 tur
285 1668 326 1704 in
359 1668 565 1705 Pisistrato.
613 1668 791 1718 Denique
822 1669 925 1706 hunc
955 1668 1130 1719 proximo
1161 1669 1298 1706 saeculo

189 1721 462 1759 Themistocles
476 1721 665 1759 insecutus
680 1730 746 1769 est,
761 1730 804 1759 ut
817 1722 919 1772 apud
931 1734 1012 1769 nos,
1025 1721 1294 1772 perantiquus;

187 1783 233 1812 ut
250 1774 353 1824 apud
370 1775 635 1821 Athenienses,
656 1787 732 1812 non
751 1775 805 1812 ita
823 1787 912 1812 sane
931 1781 1049 1812 vetus.
1079 1774 1171 1811 Fuit
1189 1774 1292 1813 enim

185 1835 365 1878 regnante
385 1829 466 1876 jam
495 1828 655 1873 Graecia,
685 1828 813 1865 nostra
831 1835 958 1865 autem
977 1827 1125 1865 civitate
1143 1839 1220 1865 non
1238 1827 1293 1866 ita

184 1882 332 1932 pridem
351 1881 547 1918 dominatu
567 1881 669 1930 regio
687 1881 857 1918 liberata.
896 1881 998 1918 Nam
1021 1881 1166 1918 bellum
1195 1879 1292 1918 Vol-

183 1947 332 1973 scorum
351 1934 448 1971 illud
465 1934 745 1984 gravissimum,
774 1935 835 1971 cui
862 1934 1085 1972 Coriolanus
1103 1933 1213 1971 exsul
1231 1933 1291 1972 in-

182 1988 326 2034 terfuit,
347 1987 479 2025 eodem
497 1987 574 2025 fere
593 1995 775 2037 tempore,
797 2000 873 2037 quo
897 1987 1100 2025 Persarum
1125 1987 1288 2037 bellum,

183 2041 269 2089 fuit,
285 2040 495 2098 similisque
506 2041 659 2078 fortuna
672 2041 858 2079 clarorum
870 2041 1064 2079 virorum·
1100 2040 1290 2092 siquidem

182 2102 355 2145 uterque,
381 2107 471 2132 cum
498 2094 588 2133 civis
615 2094 786 2144 egregius
813 2094 957 2141 fuisset,
986 2094 1120 2145 populi
1147 2094 1287 2145 ingrati

177 2148 310 2200 pulsus
338 2146 494 2198 injuria,
525 2160 564 2186 se
593 2147 641 2186 ad
671 2147 794 2188 hostes
827 2123 1000 2198 contuiit‚
1031 2155 1287 2200 conatumque
