1429 2344
183 94 263 132 368
309 90 386 129 DE
407 89 612 129 CLARIS
632 89 1019 139 ORATORIBUS,
1040 88 1144 128 CAP.
1164 89 1224 127 15.

181 199 428 260 appellatum.
470 197 533 235 Ne
559 197 606 235 L.
628 197 828 236 Valerium
849 197 1005 249 quidem
1033 195 1206 234 Potitum
1230 207 1289 232 ar-

180 253 299 291 bitror
317 263 394 288 non
413 251 558 302 ahquid
575 250 739 302 potuisse
757 251 929 312 dicendo,
945 251 1026 302 qui,
1041 257 1125 300 post
1142 249 1290 286 decem-

182 307 340 344 viralem
359 305 556 352 invidiam,
576 304 771 355 plebem,
761 317 801 341 m
820 311 944 355 patres
964 304 1173 351 incitatam,
1196 302 1290 352 legi-

182 361 254 397 bus
274 366 311 396 et
329 358 570 396 concionibus
589 358 665 395 suis
683 358 924 408 mitigaverit
1337 388 1342 392 .

238 413 447 449 Possumus
465 412 640 472 Appium
663 411 870 449 Claudium
890 410 1069 462 suspicari
1093 409 1290 457 disertum,

183 465 274 517 quia
307 473 494 512 senatum,
525 466 686 513 jamjam
715 464 954 512 inclinatum,
985 477 1008 501 a
1037 463 1176 514 Pyrrhi
1202 475 1294 513 pace

182 518 436 556 revocaverit:
477 530 678 569 possumus
710 517 755 556 C.
783 517 1016 565 Fabricium,
1049 516 1140 567 quia
1171 516 1219 553 sit
1246 515 1295 553 ad

185 572 380 623 Pyrrhum
412 572 459 609 de
491 572 647 622 captivis
678 571 941 622 recuperandis
973 570 1110 608 missus
1141 576 1293 607 orator·
1282 597 1294 614 ,

183 625 248 663 Ti.
270 625 567 672 Coruncanium,
595 625 712 676 quod,
742 638 789 662 ex
810 624 1034 675 pontificum
1064 629 1296 661 commenta-

184 679 263 727 riis,
284 679 396 729 longe
419 679 631 729 plurimum
657 678 808 728 ingenio
827 678 987 715 valuisse
1005 676 1202 715 videatur·
1191 704 1203 722 ‚
1233 675 1296 712 Μ’

186 732 363 777 Curium,
390 732 526 783 quod
516 745 562 779 1s,
589 732 765 769 tribunus
791 731 927 792 plebis,
954 731 1140 781 interrege
1166 728 1299 780 Appio

185 785 311 833 Caeco,
332 785 469 823 diserto
487 785 656 833 homine,
677 785 829 824 comitia
847 791 976 822 contra
993 785 1094 835 leges
1119 784 1298 830 habente,

185 852 275 877 cum
294 838 341 876 de
359 839 469 889 plebe
494 839 687 876 consulem
713 851 790 876 non
816 838 1036 889 accipiebat,
1062 844 1187 888 patres
1213 843 1301 874 ante

185 899 356 930 auctores
375 892 456 929 fieri
475 892 662 942 coegerit,
652 906 662 915 ·
693 891 797 944 quod
814 892 889 930 fuit
913 903 1182 943 permagnum,
1204 902 1300 928 non-

188 946 283 983 dum
302 945 385 995 lege
404 946 551 983 Maenia
570 946 660 984 lata.

241 999 350 1036 Licet
369 999 513 1050 aliquid
533 1000 647 1037 etiam
673 999 720 1037 de
746 997 807 1036 M.
829 998 986 1049 PopiJ1i1
1009 997 1162 1048 ingenio
1180 998 1302 1048 suspi-

190 1052 281 1100 cari,
303 1052 370 1103 qui
389 1065 477 1089 cum
496 1053 628 1090 consul
647 1059 754 1100 esset,
775 1052 984 1103 eodemque
1001 1058 1172 1102 tempore
1191 1052 1303 1089 sacri-

188 1106 320 1143 ficium
338 1106 537 1156 publicum
557 1119 646 1144 cum
664 1106 763 1143 laena
781 1105 932 1153 faceret,
953 1105 1063 1165 quod
1071 1111 1149 1142 erat
1163 1105 1303 1143 flamen

191 1159 457 1206 Carmentalis,
473 1159 597 1209 plebei
611 1166 740 1197 contra
753 1166 876 1209 patres
892 1158 1138 1196 concitatione
1152 1166 1189 1196 et
1207 1159 1304 1196 sedi-

188 1212 291 1249 tione
323 1213 524 1257 nuntiata‚
514 1226 523 1235 ·
558 1220 603 1250 ut
630 1219 709 1250 erat
734 1212 834 1249 laena
859 1212 1034 1259 amictus,
1060 1211 1113 1249 ita
1135 1211 1238 1249 venit
1262 1212 1303 1250 in

190 1265 424 1313 concionem,
445 1265 756 1316 seditionemque,
772 1278 861 1303 cum
875 1265 1107 1313 auctoritate,
1123 1271 1208 1302 tum
1222 1278 1305 1303 ora-

190 1319 307 1365 tione,
343 1319 496 1356 sedavit.
544 1319 618 1357 Sed
652 1332 713 1357 eos
744 1325 906 1356 oratores
934 1318 1083 1356 habitos
1115 1331 1206 1367 esse,
1240 1327 1307 1357 aut

191 1372 349 1410 omnino
367 1379 452 1409 tum
471 1373 596 1410 ullum
612 1372 836 1423 eloquentiae
849 1371 1052 1423 praemium
1065 1371 1194 1420 fuisse,
1210 1372 1308 1410 nihil

192 1437 282 1463 sane
309 1425 406 1462 mihi
435 1426 570 1476 legisse
601 1425 757 1464 videor·
797 1425 1063 1464 tantummodo
1094 1426 1308 1475 conjectura

193 1479 311 1516 ducor
330 1479 379 1516 ad
398 1479 680 1530 suspicandum.

248 1531 401 1570 Dicitur
419 1533 532 1570 etiam
553 1532 596 1570 C.
611 1532 840 1581 Flaminius,
855 1532 901 1581 is,
918 1532 986 1584 qui
999 1532 1175 1571 tribunus
1188 1532 1310 1583 plebis

195 1585 336 1635 legem,
357 1586 405 1623 de
423 1599 513 1637 agro
534 1586 682 1624 Gallico
701 1593 738 1624 et
763 1586 904 1624 Piceno
923 1586 1066 1624 viritim
1092 1585 1308 1633 dividendo,

196 1639 341 1687 tulerit,
363 1640 430 1689 qui
449 1641 579 1677 consul
598 1640 701 1691 apud
719 1639 990 1677 Trasimenum
1009 1640 1058 1678 sit
1078 1639 1309 1687 interfectus,

196 1692 246 1729 ad
268 1693 457 1743 populum
485 1694 646 1731 valuisse
671 1693 841 1731 dicendo.
897 1692 949 1740 Q.
969 1693 1084 1730 etiam
1109 1692 1311 1730 Maximus

197 1745 434 1783 Verrucosus
452 1753 576 1784 orator
594 1747 746 1784 habitus
765 1753 820 1784 est
838 1746 1071 1796 temporibus
1088 1745 1178 1793 illis,
1202 1752 1239 1783 et
1257 1744 1310 1792 Q-

199 1798 402 1846 Metellus,
423 1799 469 1847 is,
491 1799 558 1850 qui
575 1800 676 1838 bello
704 1799 851 1838 Punico
873 1799 1036 1837 secundo
1055 1811 1144 1837 cum
1163 1798 1211 1836 L.
1232 1798 1312 1837 Ve-

199 1852 300 1890 turio
320 1852 483 1890 Philone
502 1854 633 1890 consul
652 1852 737 1890 fuit.

255 1905 350 1944 XV.
378 1905 510 1953 Quem
535 1919 622 1944 vero
649 1912 782 1954 exstet,
809 1912 846 1944 et
871 1905 918 1944 de
941 1918 1018 1957 quo
1045 1905 1093 1943 sit
1119 1905 1314 1943 memoriae

198 1959 409 2010 proditum,
442 1960 682 2011 eloquentem
709 1959 839 2007 fuisse,
870 1966 907 1997 et
935 1959 990 1997 ita
1018 1971 1096 1997 esse
1121 1958 1313 2007 habitum,

200 2012 349 2063 primus
368 2020 423 2051 est
441 2013 502 2051 M.
521 2013 718 2051 Cornelius
737 2012 942 2063 Cethegus,
963 2013 1072 2062 cujus
1090 2011 1315 2063 eloquentiae

200 2074 258 2103 est
276 2073 419 2114 auctor,
440 2073 477 2104 et
490 2067 647 2105 idoneus
661 2066 831 2118 quidem,
847 2066 934 2104 mea
947 2065 1146 2114 sententia,
1166 2065 1218 2113 Q.
1231 2064 1314 2102 En-

200 2119 313 2166 nius;
342 2120 551 2171 praesertim
570 2133 659 2160 cum
679 2127 716 2158 et
733 2120 814 2172 ipse
832 2132 921 2158 eum
946 2119 1146 2168 audiverit,
1170 2125 1208 2157 et
1225 2118 1314 2157 scri-

202 2173 269 2211 bat
287 2173 334 2213 de
352 2180 530 2222 mortu03
559 2187 606 2215 ex
633 2187 710 2228 quo
735 2174 843 2214 nulla
868 2173 1030 2226 suspicio
1052 2180 1122 2225 est,
1142 2172 1317 2213 amicitiae
