1429 2344
187 85 265 122 412
312 84 389 124 DE
410 83 616 125 CLARIS
636 84 1027 137 ORATORIBUS,
1049 86 1153 126 CAP.
1166 87 1231 127 61.

183 191 255 229 Cn.
283 192 445 232 Octavio
476 192 636 244 collega,
668 194 735 245 qui
766 193 960 233 devinctus
987 201 1067 233 erat
1092 193 1230 242 fasciis,
1260 200 1298 232 et

181 246 313 284 multis
340 247 639 295 medicamentis,
666 255 819 298 propter
844 248 1012 286 dolorem
1037 254 1206 295 artuum,
1233 247 1298 285 de-

180 299 339 347 libutus,
376 303 405 322 “
427 301 685 351 Nunquam,''
724 301 864 362 inquit,
907 303 935 323 ‘⁶
955 300 1164 349 Octavi,c
1145 302 1297 363 ocllegae

181 359 248 389 tuo
276 354 438 403 gratiam
468 354 631 392 referes·
619 383 631 400 ,
672 355 739 406 qui
770 355 843 392 nisi
875 368 913 393 se
945 367 1013 393 suo
1044 367 1148 392 more
1177 356 1296 404 jacta·

179 405 305 454 visset,
326 407 439 445 hodie
458 414 495 446 te
514 407 596 446 istic
614 421 754 446 muscae
776 408 1034 446 comedissent.
1038 408 1063 425 ‘⁹
1103 408 1297 446 Memoria

179 466 309 497 autem
338 460 392 498 ita
420 461 494 499 fuit
523 461 645 510 nulla,
677 469 721 499 ut
750 462 962 512 aliquoties,
994 461 1066 499 tria
1094 474 1183 500 611111
1208 474 1296 512 pro-

178 513 377 563 posuisset,
409 522 476 552 aut
505 522 685 566 quartum
713 515 881 563 adderet,
912 522 980 553 aut
1006 515 1161 553 tertium
1191 528 1295 566 quae-
1344 527 1347 529 ·

177 574 299 604 reret:
330 568 397 618 qui
414 568 455 605 in
474 568 619 617 judicio
646 568 792 620 privato
815 570 875 607 vel
898 568 1082 616 maximo,
1109 580 1197 606 cum
1223 581 1294 618 ego

178 632 247 670 pro
266 621 414 659 Titinia
438 621 559 660 Cottae
584 623 866 672 peroravissem,
893 622 958 660 ille
983 629 1112 660 eontra
1135 634 1199 660 me
1223 635 1293 672 pro

178 674 258 711 Ser.
275 675 317 712 N
319 675 412 713 aevio
431 676 582 723 diceret,
603 676 727 714 subito
745 683 864 714 totam
884 689 1036 714 causam
1055 675 1194 713 oblitus
1212 682 1289 721 est3

176 726 292 778 idque
319 729 507 768 veneficiis
535 736 571 767 et
599 730 834 768 cantionibus
861 730 1018 768 Titiniae
1042 729 1186 767 factum
1213 741 1291 766 esse

175 780 335 819 dicebat.
375 782 525 834 Magna
549 783 661 821 haec
651 783 884 822 immemoris
902 783 1045 834 ingemi
1063 782 1194 833 signa.
1224 781 1291 820 sed

176 834 273 872 nihil
292 836 454 886 turpius,
476 849 592 887 quam
612 837 715 891 quod
734 838 848 875 etiam
865 836 906 874 in
925 836 1071 888 scriptis
1095 835 1289 874 oblivisce-

175 895 292 937 retur,
314 889 407 940 quid
425 891 540 941 paulo
560 898 647 929 ante
665 891 873 942 posuissem
904 898 948 928 ut
965 890 1005 927 in
1025 903 1068 928 eo
1085 889 1196 938 libro,
1220 889 1288 928 ubi

174 954 227 989 se,
249 950 450 981 exeuntem
471 958 491 982 e
510 952 657 993 senatu,
679 952 716 982 et
734 958 822 983 cum
842 944 969 982 Pansa
986 951 1112 982 nostro
1137 950 1174 981 et
1198 955 1289 981 cum

175 994 342 1034 Curione
360 996 439 1035 filio
458 998 734 1049 colloquentem
748 998 851 1046 facit,
868 1011 956 1036 cum
972 1004 1144 1035 senatum
1160 996 1291 1034 Caesar

173 1050 305 1086 consul
330 1050 535 1099 habuisset,
556 1052 754 1102 omnisque
771 1052 836 1089 ille
854 1063 976 1090 sermo
1001 1051 1137 1089 duetus
1161 1063 1182 1088 e
1199 1062 1290 1101 per-

172 1103 385 1141 contatione
403 1104 486 1153 filii,
509 1105 602 1156 quid
619 1105 660 1142 in
683 1112 814 1142 senatu
840 1112 934 1143 esset
955 1111 1095 1142 actum.
1135 1104 1186 1141 In
1208 1115 1287 1154 quo

171 1156 304 1194 multis
332 1158 454 1195 verbis
482 1171 570 1196 cum
599 1158 838 1196 inveheretur
866 1158 907 1195 in
937 1157 1125 1196 Caesarem
1151 1156 1283 1205 Curio,

170 1209 451 1262 disputatioque
476 1220 570 1250 esset
594 1212 692 1249 inter
717 1225 792 1259 eos,
812 1218 857 1249 ut
881 1218 936 1249 est
954 1210 1184 1249 consuetudo
1202 1210 1284 1247 dia-

169 1263 358 1313 logorum,
390 1277 479 1302 cum
509 1278 631 1303 sermo
661 1272 754 1303 esset
778 1264 973 1302 institutus
997 1271 1128 1302 senatu
1152 1263 1282 1311 misso,

173 1314 309 1367 [quem
325 1325 498 1355 senatum
513 1318 639 1356 Caesar
653 1319 784 1356 consul
797 1318 1025 1369 habuisset,]
1046 1316 1286 1368 reprehendit

170 1382 231 1408 eas
250 1383 321 1418 res,
343 1385 438 1422 quas
456 1372 558 1409 idem
579 1372 704 1410 Caesar
723 1384 822 1409 anno
839 1379 938 1423 post,
965 1383 1002 1409 et
1027 1371 1200 1422 deinceps
1225 1383 1285 1408 re·-

168 1423 283 1474 liquis
302 1425 424 1472 annis,
445 1425 779 1464 administravisset
797 1425 837 1462 in
857 1425 997 1463 Gallia.

223 1478 338 1515 LXI.
373 1479 479 1516 Tum
510 1480 657 1517 Brutus
685 1479 890 1539 admirans,
921 1479 1140 1516 Tantamne
1166 1477 1281 1516 fuisse

168 1531 443 1579 oblivionem,
433 1545 471 1569 111
475 1533 572 1583 quit,
593 1533 633 1570 in
652 1532 787 1583 scripto
801 1532 1023 1583 praesertim,
1039 1539 1083 1569 ut
1096 1544 1144 1569 ne
1156 1531 1284 1581 legens

168 1584 325 1634 quidem
352 1598 525 1637 unquam
556 1599 674 1624 5611561
671 1587 723 1634 it,
751 1592 939 1637 quantum
967 1585 1102 1636 flagitii
1126 1584 1284 1623 commi-

168 1637 305 1676 sisset?
331 1639 437 1686 Quid
456 1647 599 1687 autem,
620 1640 793 1691 inquam,
809 1640 945 1688 Brute,
965 1639 1130 1686 stultius,
1151 1650 1284 1689 quam,

167 1690 198 1728 si
228 1704 272 1729 ea
302 1692 513 1743 vituperare
545 1694 708 1741 volebat,
741 1706 828 1744 quae
856 1692 1096 1744 vituperavit,
1129 1703 1206 1729 non
1239 1703 1283 1728 eo

168 1751 338 1795 tempore
367 1746 562 1784 instituere
592 1759 816 1793 sermonem,
852 1759 940 1784 cum
971 1747 1124 1783 illarum
1155 1756 1306 1789 rerum*

161 1799 247 1846 jam
267 1806 437 1849 tempora
459 1799 754 1849 praeteriissent?
797 1799 872 1837 Sed
897 1799 950 1837 ita
974 1807 1075 1837 totus
1100 1806 1211 1845 errat,
1237 1804 1283 1834 ut

166 1851 206 1888 in
226 1853 358 1889 eodem
377 1865 548 1890 sermone
568 1853 710 1901 dicat,'
700 1866 740 1890 m
760 1859 933 1891 senatum
953 1866 1005 1899 se,
1027 1852 1174 1890 Caesare
1192 1862 1282 1888 con-

166 1906 261 1952 sule,
296 1918 373 1944 non
409 1906 594 1954 accedere,
638 1905 742 1957 [sed]
781 1906 821 1943 id
857 1906 957 1943 dicat
993 1905 1074 1955 ipso
1111 1903 1278 1952 consule,

164 1959 293 1996 exiens
313 1973 333 1997 e
352 1967 495 1997 senatu.
525 1960 553 1997 J
556 1973 619 1997 am
638 1960 705 2010 qui
724 1960 794 1997 hac
812 1966 918 2010 parte
937 1959 1068 2006 animi,
1090 1971 1176 2008 quae
1195 1969 1279 1995 cus-

161 2020 220 2049 tos
240 2021 294 2050 651
314 2021 533 2051 caeterarum
553 2013 695 2064 ingenii
713 2013 895 2063 partium,
916 2019 997 2050 tam
1015 2011 1149 2049 debilis
1167 2017 1282 2057 esset,

161 2073 205 2102 ut
223 2078 271 2103 ne
290 2066 330 2103 111
350 2067 487 2117 scripto
506 2066 661 2117 quidem
675 2066 922 2113 meminisset,
942 2065 1037 2116 quid
1053 2064 1169 2116 paulo
1187 2070 1275 2102 ante

158 2120 354 2168 posuisset,
381 2120 484 2167 huic,
511 2120 671 2158 minime
696 2119 839 2157 mirum
861 2126 930 2166 est,
951 2132 998 2156 ex
1023 2126 1192 2178 tempore
1215 2116 1274 2154 di-

154 2173 253 2213 centi
275 2173 424 2212 solitam
447 2173 599 2215 effluere
624 2181 804 2213 mentem.
847 2173 997 2224 Itaque,
1024 2184 1112 2211 cum
1141 2169 1175 2210 ei
1200 2182 1278 2213 nec
