1428 2308
247 72 324 112 DE
353 72 740 125 INVENTIONE,
770 73 918 112 L1n.1.
948 73 1132 112 CAP.38.
1187 71 1238 113 39

137 179 371 228 hujusmodi,
404 188 447 219 ut
476 188 620 220 certum
650 181 833 233 quiddam
862 188 899 220 et
922 182 1047 229 breve,
1077 179 1242 231 exempli

137 234 264 281 causa,
285 246 495 285 ponamus:
526 235 567 273 Si
586 248 736 273 summo
754 247 864 285 opere
883 235 1064 285 sapientia
1080 233 1242 284 petenda

137 293 205 334 est,
220 299 370 325 summo
384 301 494 338 opere
509 289 666 326 stultitia
681 289 833 326 vitanda
847 297 920 326 est:
947 300 1097 326 summo
1112 294 1239 324 autem

138 352 250 390 opere
279 341 461 391 sapientia
492 342 653 392 petenda
685 349 764 379 est:
806 354 956 379 summo
987 341 1103 391 igitur
1129 352 1240 389 opere

139 393 298 430 stultitia
323 394 475 432 vitanda
501 402 566 432 est.
608 395 687 432 Hic
712 403 748 432 et
773 395 952 432 assumtio
978 402 1015 431 et
1038 393 1241 444 propositio

137 447 333 497 perspicua
352 455 429 485 est:
461 461 576 498 quare
602 456 735 486 neutra
761 461 912 498 quoque
937 447 1080 506 indiget
1106 459 1242 496 appro-

137 499 298 537 batione.
345 500 409 538 Ex
438 501 538 539 hisce
568 502 744 539 omnibus
774 502 871 538 illud
903 501 1143 551 perspicuum
1171 506 1239 548 est,

137 553 447 603 approbationem
470 563 553 592 tum
579 555 750 605 adjungi,
772 561 855 591 tum
873 566 950 591 non
968 553 1137 602 adjungi.
1177 553 1242 590 Ex

136 617 214 654 quo
233 607 478 665 cognoscitur,
499 618 623 655 neque
647 608 686 643 in
712 607 963 656 propositione
984 618 1108 656 neque
1126 606 1165 643 in
1184 618 1241 642 as-

138 659 325 695 sumtione
352 658 531 695 contineri
558 658 894 708 approbationem·
883 686 895 703 ‚
934 659 998 695 sed
1025 667 1240 709 utramque,

137 723 206 748 suo
234 711 316 748 loco
344 710 520 761 positam,
549 711 627 748 vim
655 724 778 771 suam,
808 718 1005 761 tamquam
1037 718 1176 748 certam
1205 718 1243 748 et

136 764 343 815 propriam,
364 764 540 802 obtinere.
571 763 688 810 Quod
707 764 737 801 si
751 765 804 801 ita
819 771 886 809 est,
907 763 1102 801 commode
1115 763 1243 814 partiti

137 825 227 854 sunt
252 817 322 877 1111,
351 817 419 867 qui
442 817 483 854 in
509 817 678 868 quinque
702 826 826 868 partes
844 816 1113 855 distribuerunt
1131 830 1243 868 argu-

138 870 420 908 mentationem.

192 922 375 974 Quinque
400 930 488 960 sunt
513 923 628 973 igitur
652 931 776 974 partes
795 924 876 972 ejus
894 923 1241 984 argumentationis,

139 989 226 1028 quae
253 989 320 1027 per
346 976 667 1014 ratiocinationem
694 984 899 1015 tractatur:
933 977 1151 1027 propositio,
1177 990 1244 1028 per

139 1042 255 1081 quam
275 1030 408 1068 locus
398 1042 429 1067 15
448 1030 608 1068 breviter
626 1030 839 1091 exponitur,
868 1043 915 1068 ex
938 1043 1015 1090 quo
1034 1031 1088 1068 vis
1107 1031 1244 1078 omnis,

139 1090 300 1134 oportet,
320 1090 469 1121 emanet
487 1083 802 1121 ratiocinationis.
831 1083 1091 1134 propositionis
1110 1097 1245 1134 appro-

79 1147 84 1150 '
141 1136 256 1184 batio,
276 1149 343 1187 per
358 1149 474 1187 quam
493 1137 546 1184 id,
567 1137 668 1188 quod
687 1137 846 1174 breviter
865 1136 1078 1187 expositum
1098 1145 1166 1185 est,
1186 1150 1245 1174 ra-

140 1189 306 1227 tionibus
324 1189 568 1237 affirmatum,
595 1190 826 1242 probabilius
851 1198 888 1228 et
907 1189 1070 1240 apertius
1090 1190 1156 1227 fit:
1187 1203 1244 1227 as-

140 1243 294 1291 sumtio,
311 1256 377 1293 per
396 1256 512 1294 quam
530 1243 584 1291 id,
604 1243 707 1295 quod
725 1257 772 1281 ex
791 1243 1042 1294 propositione
1061 1243 1109 1280 ad.
1122 1251 1245 1280 osten«

140 1295 309 1333 dendum
323 1297 497 1347 pertinet,
514 1297 737 1334 assumiturz
759 1297 997 1334 assumtionis
1010 1296 1243 1346 approbatio,

140 1362 208 1400 per
226 1362 342 1400 quam
361 1349 414 1397 id,
435 1350 538 1400 quod
556 1358 768 1388 assumtum
794 1356 861 1397 est,
889 1349 1095 1387 rationibus
1118 1349 1244 1386 fimra-

142 1409 227 1439 tur:
262 1403 486 1453 complexio,
517 1416 584 1453 per
613 1416 731 1453 quam
761 1403 814 1451 id,
845 1402 948 1453 quod
976 1402 1170 1440 conficitur
1197 1415 1244 1440 ex

141 1455 247 1492 omni
264 1456 601 1506 argumentatione,
622 1456 781 1494 breviter
799 1455 1009 1506 exponitur.
1039 1455 1140 1501 Quae
1156 1456 1244 1506 plu-

141 1508 257 1546 rimas
281 1508 396 1546 habet
420 1509 695 1558 argumentatio
720 1516 857 1559 partes,
886 1522 929 1546 ea
953 1516 1097 1546 constat
1121 1522 1168 1546 ex
1187 1509 1247 1546 his

143 1561 313 1613 quinque
330 1562 524 1612 partibus:
555 1562 718 1600 secunda
743 1570 798 1600 est
815 1561 1109 1613 quadripertita3
1138 1561 1249 1599 tertia

144 1615 328 1665 tripertita
343 1628 354 1661 3
385 1615 471 1652 dein
490 1615 663 1665 bipertita
693 1614 814 1665 [quod
832 1616 872 1652 in
891 1614 1139 1653 controversia
1157 1615 1245 1666 est.]

144 1667 206 1705 De
225 1668 304 1706 una
321 1681 473 1719 quoque
499 1676 603 1719 parte
621 1674 743 1719 potest
761 1668 874 1706 alicui
891 1668 1008 1706 videri
1030 1681 1137 1719 posse
1159 1680 1248 1706 con-

144 1721 281 1759 sistere.

196 1773 446 1811 XXXVIII.
471 1773 619 1812 Eorum
632 1774 762 1824 igitur,
779 1787 864 1825 quae
876 1781 1059 1822 constant,
1074 1774 1248 1824 exempla

142 1839 354 1878 ponemus:
382 1827 534 1875 horum,
563 1841 649 1878 quae
673 1828 790 1865 dubia
816 1835 917 1876 sunt,
941 1827 1100 1865 rationes
1119 1827 1247 1864 affere-

143 1893 259 1923 mus„
283 1880 602 1930 Quinquepertita
627 1881 904 1931 argumentatio
929 1888 984 1919 est
1000 1879 1245 1929 hujusmodi:

144 1932 292 1972 Omnes
309 1934 423 1983 leges,
447 1934 605 1982 judices,
626 1934 674 1971 ad
692 1934 934 1972 commodum
958 1933 1173 1984 reipublieae
1190 1945 1249 1970 re·-

145 1986 240 2024 ferre
267 1993 426 2036 oportet,
454 1994 491 2024 et
517 2000 578 2024 eas
606 2000 653 2024 ex
678 1987 840 2025 utilitate
864 1986 1071 2034 communi,
1099 1997 1174 2022 non
1202 1998 1249 2022 ex

146 2039 360 2089 scriptione,
388 2052 474 2090 quae
499 2039 538 2077 in
563 2040 679 2078 literis
697 2048 765 2087 est,
785 2039 1030 2090 interpretari.
1070 2038 1131 2076 Ea
1149 2038 1251 2075 enim

149 2092 288 2130 virtute
307 2099 344 2130 et
361 2092 545 2142 sapientia
562 2094 722 2142 majores
740 2092 857 2130 nostri
876 2094 1044 2138 fuerunt,
1065 2098 1121 2138 ut,
1140 2090 1180 2127 in
1199 2091 1252 2128 le-

153 2144 265 2195 gibus
285 2145 503 2190 scribendis,
525 2146 619 2183 nihil
643 2146 714 2184 sibi
739 2145 855 2193 aliud,
877 2145 948 2182 nisi
965 2145 1125 2182 salutem
1144 2150 1257 2194 atque
