1429 2344
155 64 230 102 122
272 62 350 101 DE
380 47 1095 110 INVENTIONE,1113.IICA1›
1125 63 1191 103 59.

151 185 256 224 pore,
289 179 326 209 et
353 183 401 209 ex
430 169 600 218 consilio,
632 180 708 207 non
737 181 784 207 ex
814 168 885 207 sua
913 169 1065 219 natura,
1096 168 1266 210 conside-

153 224 305 264 randae:
340 224 480 276 quibus
507 224 547 261 in
575 222 767 270 omnibus,
796 222 891 274 quid
917 229 1090 274 tempora
1117 231 1264 275 petant,

151 286 219 318 aut
237 278 332 331 quid
349 277 517 330 personis
535 277 697 327 dignum
715 277 777 325 sit,
793 276 1107 316 considerandum
1127 284 1204 324 oet3
1230 285 1269 316 et

152 345 229 372 non
258 332 365 384 quid,
400 331 465 370 sed
497 343 575 382 quo
605 330 776 382 quidque
807 330 950 379 animo,
984 332 1158 382 quicum,
1189 345 1269 383 quo

151 394 336 438 tempore,
368 384 554 437 quamdiu
583 384 663 433 fiat,
693 383 967 423 attendendum
999 391 1067 423 est.
1115 384 1190 423 His
1220 397 1269 424 ex

152 440 339 492 partibus,
359 439 408 477 ad
427 438 653 477 sententiam
671 437 885 487 dicendam,
905 439 1006 477 locos
1031 439 1132 477 sumi
1156 451 1269 491 opor-

151 502 230 532 tere
249 493 490 532 arbitramur.

203 548 319 586 LIX.
344 547 497 585 Laudes
516 554 646 585 autem
665 553 702 584 et
720 545 1012 597 vituperationes
1031 558 1080 584 ex
1097 545 1157 584 his
1175 546 1268 585 locis

152 609 367 649 sumentur,
388 600 455 652 qui
473 600 546 639 loci
564 600 732 652 personis
750 607 838 637 sunt
857 599 1044 648 attributi,
1063 599 1111 638 de
1129 600 1270 651 quibus

152 663 240 694 ante
259 655 404 693 dictum
424 661 491 692 est.
530 654 597 692 Sin
616 654 854 692 distributius
872 660 1030 692 tractare
1048 653 1134 705 quis
1152 654 1268 702 volet,

151 709 337 760 partiatur
354 709 396 746 in
415 708 604 756 animum,
625 715 662 745 et
680 721 829 758 corpus,
855 715 892 745 et
917 707 1098 745 extrarias
1123 720 1195 756 res,
1221 707 1269 745 li-

152 763 262 801 cebit.
291 762 431 801 Α1111111
450 770 506 801 est
523 762 656 809 virtus,
677 762 786 810 cujus
804 761 852 799 de
864 761 1036 812 partibus
1049 761 1167 812 paulo
1181 767 1270 799 ante

151 817 299 855 dictum
318 824 398 862 est3
426 816 604 878 corporiS,
625 815 816 864 valetudo,
837 814 1014 865 dignitas,
1035 814 1146 864 vires,
1166 815 1269 853 velo-

152 871 270 909 citas.
315 871 502 918 extrariae,
535 870 669 930 honos,
702 869 878 920 pecunia,
917 868 1093 916 affinitas,
1131 880 1268 919 genus,

152 925 279 973 amici,
299 925 435 975 patria,
462 923 646 975 potentia,
671 930 707 961 et
725 930 873 971 caetera,
893 935 980 973 quae
998 922 1114 960 simili
1132 935 1210 960 esse
1227 922 1269 960 in

150 991 287 1029 genere
301 979 573 1029 intelligentur.
602 977 760 1028 Atque
750 989 791 1014 111
804 977 877 1024 his,
893 975 947 1024 id,
964 975 1093 1027 quod
1081 988 1123 1013 111
1137 975 1268 1014 omnia

151 1033 264 1080 valet,
293 1033 419 1070 valere
450 1030 663 1082 oportebit:
705 1030 891 1068 contraria
918 1043 1085 1081 quoque,
1116 1043 1204 1081 quae
1230 1037 1269 1068 et

151 1087 281 1138 qualia
295 1086 383 1135 sint,
399 1085 670 1136 intelligentur.
699 1084 842 1122 Videre
859 1091 1003 1132 autem,
1019 1083 1060 1121 in
1074 1083 1269 1122 laudando

152 1147 190 1178 et
207 1140 248 1177 in
268 1139 531 1191 vituperando,
553 1138 753 1190 oportebit,
773 1150 851 1176 non
865 1144 945 1175 tam
959 1151 1047 1189 quae
1059 1136 1100 1175 in
1115 1150 1270 1189 corpore

151 1201 219 1232 aut
250 1194 291 1231 in
324 1193 511 1232 extraneis
537 1194 650 1231 rebus
677 1192 856 1230 habuerit
881 1191 914 1230 is
940 1191 989 1230 de
1015 1203 1093 1243 quo
1120 1198 1268 1242 agetur,

152 1260 271 1299 quam
298 1261 375 1299 quo
400 1254 511 1299 pacto
530 1246 590 1284 his
611 1248 724 1284 rebus
743 1259 835 1284 usus
854 1245 926 1284 sit:
957 1257 1049 1284 nam
1073 1244 1269 1283 fortunam

152 1302 309 1353 quidem
335 1308 372 1340 et
396 1301 566 1349 laudare,
587 1300 761 1349 stultitia,
782 1307 820 1338 et
842 1299 1067 1351 vituperare,
1094 1299 1271 1351 superbia

153 1363 234 1399 est,
223 1369 233 1379 ·
264 1355 384 1393 animi
409 1362 538 1393 autem
561 1361 598 1392 et
615 1355 699 1392 laus
716 1354 888 1402 honesta,
909 1361 946 1391 et
963 1353 1190 1404 vituperatio
1207 1365 1272 1391 ve-

153 1410 310 1448 hemens
336 1416 403 1447 est.
447 1409 580 1457 Nunc,
601 1407 784 1459 quoniam
808 1420 923 1447 omne
947 1407 989 1445 in
1011 1419 1133 1446 causae
1150 1419 1272 1473 genus

153 1463 447 1514 argumentandi
466 1463 562 1501 ratio
580 1462 719 1500 tradita
737 1468 806 1510 est,
826 1462 873 1500 de
897 1460 1126 1509 inventione,
1146 1459 1273 1511 prim&

154 1529 198 1554 ac
230 1517 403 1555 maxima
435 1521 542 1567 parte
573 1515 781 1565 rhetoricae,
814 1515 903 1554 satis
935 1515 1081 1553 dictum
1110 1513 1271 1553 videtur.
1307 1532 1312 1536 ·

154 1570 300 1619 Quare,
322 1571 505 1622 quoniam
528 1577 564 1608 et
583 1583 661 1608 una
678 1583 766 1621 pars
784 1569 834 1608 ad
852 1569 999 1607 exitum
1017 1568 1121 1607 hunc
1139 1569 1188 1606 ab
1207 1581 1272 1606 su-

152 1624 299 1675 periore
326 1625 425 1662 libro
454 1624 636 1675 perducta
661 1632 730 1672 est,
760 1630 798 1662 et
823 1622 887 1662 hic
909 1622 1006 1662 liber
1030 1634 1108 1661 non
1131 1633 1270 1674 parum

153 1678 320 1717 continet
338 1678 549 1728 literarum,
569 1691 657 1731 quae
674 1683 830 1729 restant,
845 1677 886 1717 in
899 1676 1055 1729 reliquis
1068 1675 1251 1716 dicemus.
