1429 2344
144 112 219 150 198
301 108 378 147 DE
409 107 703 157 ORATORE,
735 107 832 146 Lm.
851 105 908 145 ΙΙ.
939 106 1108 153 ΟΑΡ.7.’

141 231 219 269 quo
252 218 366 256 etiam
399 217 560 267 scripsit,
596 217 624 238 ‘⁴
646 216 821 254 Persium
851 228 927 254 non
956 229 1045 254 curo
1073 216 1198 267 legere
1213 215 1253 253 :''

143 273 223 315 (hic
242 272 344 309 enim
363 271 449 318 fuit,
470 277 514 307 ut
532 271 728 317 noramus,
749 269 923 308 omnium
946 269 1023 307 fere
1041 278 1256 308 nostrorum

142 326 347 364 hominum
372 323 627 371 doctissimus)
659 325 686 345 ‘⁶
703 324 871 361 Laelium
897 322 1104 360 Decimum
1128 323 1257 370 volo,''

145 383 279 430 (quem
298 378 545 428 cognovimus
563 377 688 415 virum
702 379 862 425 bonum,
879 384 916 415 et
930 389 1006 414 non
1020 377 1257 424 illiteratum,

144 433 210 471 sed
229 432 326 470 nihil
344 431 393 469 ad
414 431 634 478 Persium);
665 431 717 469 sic
742 444 825 481 ego,
853 431 884 468 si
906 431 988 479 jam
1013 430 1111 468 mihi
1129 431 1260 482 dispu-

144 486 308 524 tandum
339 485 388 523 sit
418 485 464 523 de
494 485 554 522 his
582 485 718 522 nostris
751 484 898 532 studiis,
932 484 1051 521 nolim
1084 484 1261 536 equidem

145 540 251 591 apud
282 539 454 586 rusticos,
490 538 555 576 sed
586 539 710 576 multo
737 538 865 575 minus
892 537 996 588 apud
1027 551 1119 576 vos:
1161 539 1263 575 malo

146 594 251 632 enim
280 605 358 632 non
388 591 552 642 intelligi
581 592 790 631 orationem
818 604 960 640 meam,
990 604 1108 642 quam
1139 605 1264 644 repre-

146 647 276 686 hendi.

202 700 303 740 VII.
334 700 442 738 Tum
463 700 603 749 Caesar,
624 699 832 752 Equidem,
853 699 992 750 inquit,
1015 698 1164 747 Catule,
1182 700 1265 749 jam

147 755 245 793 mihi
278 755 406 793 videor
437 753 595 792 navasse
626 767 795 805 operam,
830 753 934 804 quod
964 753 1040 791 huc
1069 754 1263 792 venerim:

146 822 238 847 nam
256 809 338 847 haec
351 809 434 859 ipsa
451 807 634 846 recusatio
653 807 916 859 disputationis
935 806 1140 858 disputatio
1161 822 1264 859 quae-

149 863 241 901 dam
258 863 334 900 fuit
351 862 448 900 mihi
467 861 623 913 quidem
641 861 888 913 perjucunda.
927 861 1003 900 Sed
1021 874 1088 900 cur
1105 862 1268 913 impedi-

148 929 238 955 mus
262 916 496 964 Antonium,
523 917 631 965 cujus
656 915 769 953 audio
792 928 870 953 esse
894 922 1033 965 partes,
1059 922 1104 953 ut
1122 916 1168 953 de
1186 916 1267 954 tota

148 970 368 1022 eloquentia
399 970 569 1018 disserat,
601 982 794 1021 quemque
821 969 1053 1018 jamdudum
1086 969 1198 1007 Cotta
1230 978 1267 1008 et

150 1024 344 1075 Sulpicius
364 1025 609 1074 exspectant?
638 1023 724 1073 Ego
743 1035 844 1071 vero,
864 1023 990 1074 inquit
1009 1022 1179 1071 Crassus,
1200 1036 1265 1062 ne-

150 1091 227 1130 que
245 1077 465 1115 Antonium
484 1078 643 1115 verbum
661 1077 783 1114 facere
808 1076 944 1127 patiar,
965 1084 1001 1114 et
1024 1076 1105 1127 ipse
1129 1079 1266 1115 obmu-

149 1138 306 1179 tescam,
326 1131 399 1169 nisi
417 1130 522 1182 prius
541 1144 564 1168 a
578 1130 682 1169 vobis
701 1130 907 1182 impetrfiro
920 1158 930 1167 .
947 1158 957 1167 .
975 1158 984 1167 .
1002 1157 1012 1167 .
1033 1130 1232 1178 Quidnam
1247 1135 1264 1170 Ρ

150 1186 276 1237 inquit
296 1185 469 1223 Catulus.
510 1185 566 1222 Ut
592 1185 656 1222 hic
681 1184 760 1222 sitis
783 1184 907 1222 hodie.
951 1184 1072 1231 Tum,
1093 1198 1182 1222 cum
1201 1186 1266 1224 ille

151 1239 356 1287 dubitaret,
377 1239 481 1290 quod
506 1238 555 1275 ad
579 1238 736 1275 fratrem
761 1238 997 1288 promiserat,
1021 1238 1121 1289 Ego,
1141 1239 1266 1290 inquit

150 1293 299 1341 Julius,
319 1306 389 1344 pro
407 1299 570 1342 utroque
589 1291 818 1343 respondeo:
849 1291 900 1329 sie
918 1291 1123 1330 faciemus:
1155 1300 1269 1344 atque

152 1347 226 1385 ista
253 1346 410 1398 quidem
437 1345 664 1394 conditione,
693 1346 754 1383 vel
778 1352 823 1382 ut
846 1347 1007 1384 verbum
1033 1347 1187 1384 nullum
1211 1348 1268 1385 fa-

151 1413 266 1448 ceres,
296 1413 359 1439 me
386 1407 542 1438 teneres.
590 1399 669 1437 Hic
697 1399 859 1437 Catulus
886 1399 1036 1445 arrisit3
1071 1407 1109 1438 et
1136 1401 1267 1449 simul,

153 1455 330 1501 Praecisa,
350 1453 491 1505 inquit,
512 1453 609 1490 mihi
628 1453 784 1504 quidem
802 1453 990 1491 dubitatio
1003 1461 1071 1502 est,
1088 1455 1270 1506 quoniam

153 1521 278 1560 neque
310 1508 416 1545 domi
446 1507 691 1558 imperaram,
722 1514 758 1545 et
784 1507 861 1555 hic,
890 1507 994 1558 apud
1021 1520 1137 1559 quem
1165 1522 1269 1547 eram

152 1562 322 1610 futurus,
342 1562 422 1599 sine
439 1562 527 1599 mea
546 1561 731 1599 sententia
750 1568 830 1599 tam
847 1561 957 1599 facile
974 1562 1159 1612 promisit.

206 1615 315 1654 Tum
342 1628 473 1653 omnes
497 1615 624 1653 oculos
642 1615 683 1652 in
702 1615 921 1653 Antonium
939 1616 1202 1664 conjecerunt:
1233 1624 1270 1655 et

151 1669 233 1716 ille,
264 1669 412 1707 Audite
440 1681 541 1716 vero,
571 1668 714 1716 audite,
744 1669 898 1720 inquit:
938 1668 1135 1707 hominem
1167 1671 1269 1708 enim

153 1723 314 1761 audietis
337 1722 384 1760 de
410 1722 552 1769 schola,
578 1729 692 1773 atque
717 1736 739 1760 a
766 1722 961 1772 magistro,
989 1729 1025 1760 et
1055 1723 1197 1762 Graecis
1222 1725 1268 1762 li-

152 1777 242 1814 teris
269 1776 489 1814 eruditum.
526 1782 562 1813 et
590 1789 633 1813 eo
661 1776 817 1827 quidem
843 1776 979 1827 loquar
1006 1777 1268 1827 confidentius,

153 1830 258 1882 quod
287 1829 448 1868 Catulus
475 1829 624 1867 auditor
651 1829 827 1874 accessit;
862 1829 924 1867 cui
949 1841 1026 1867 non
1052 1831 1176 1868 solum
1202 1844 1271 1871 nos

154 1883 287 1922 Latini
316 1883 514 1930 sermonis,
547 1883 611 1920 sed
643 1883 757 1921 etiam
788 1883 912 1920 Graeei
939 1882 1012 1934 ipsi
1042 1884 1163 1922 solent
1192 1899 1270 1924 suae

154 1938 300 1988 linguae
330 1937 579 1975 subtilitatem
609 1936 912 1987 elegantiamque
940 1937 1152 1976 concedere.
1195 1940 1272 1978 Sed

153 1998 298 2040 tamen,
319 1991 502 2051 quoniam
520 1990 591 2028 hoc
616 1997 755 2038 totum,
776 1989 964 2042 quidquid
982 1998 1052 2039 est,
1079 1992 1157 2030 sive
1181 1995 1271 2032 arti-

154 2045 287 2084 ficium
306 2045 383 2083 sive
401 2044 572 2083 studium
591 2043 755 2091 dicendi,
775 2044 847 2082 nisi
872 2045 1024 2083 accessit
1042 2057 1098 2093 os,
1117 2047 1272 2086 nullum

153 2105 277 2149 potest
305 2111 410 2137 esse·
399 2127 411 2144 ,
454 2098 595 2142 docebo
625 2111 704 2146 vos,
736 2097 925 2149 discipuli,
957 2099 1060 2150 quod
1087 2099 1167 2151 ipse
1194 2113 1271 2139 non

154 2152 284 2201 didici,
314 2152 406 2204 quid
435 2152 482 2190 de
509 2151 614 2190 omni
641 2164 777 2203 genere
801 2151 950 2190 dicendi·
976 2152 1148 2191 sentiam.
1190 2155 1271 2193 Hic

150 2214 399 2258 posteaquam
417 2206 636 2256 arriserunt,
658 2207 736 2246 Res
750 2206 846 2245 mihi
861 2206 1009 2245 videtur
1023 2220 1115 2257 esse,
1131 2208 1270 2260 inquit,
