1407 2308
280 31 356 71 DE
377 31 669 81 ORATORE,
699 31 796 70 Lm.
813 31 846 70 I.
878 31 981 70 cir.
997 33 1060 70 62.
1147 34 1220 71 189

121 137 252 186 cende,
272 144 327 177 est
344 147 546 187 assecutus,
566 146 610 177 ut
630 152 708 177 una
724 138 1003 177 continuatione
1021 140 1220 176 verborum

123 190 179 234 (id
193 192 300 251 quod
317 192 398 240 ejus
416 193 552 243 scripta
569 192 773 240 declarant)
793 193 892 231 binae
917 192 950 230 ei
969 192 1221 231 contentiones

123 244 222 282 vocis
253 253 290 283 et
321 245 553 283 remissiones
585 246 887 284 continerentur:
923 246 989 296 qui
1021 246 1133 283 etiam
1161 248 1222 288 (ut

121 297 312 335 memoriae
329 298 521 348 proditum
540 306 625 346 est),
641 299 814 347 conjectis
828 299 868 336 in
882 311 922 336 os
937 298 1101 347 calculis,
1117 311 1220 336 sum-

118 349 184 387 ma
202 363 290 389 voce
308 364 435 390 versus
452 352 591 390 multos
616 365 692 389 uno
716 352 848 403 spiritu
867 352 1108 402 pronuntiare
1133 364 1221 389 con-

118 405 334 450 suescebat3
358 417 480 455 neque
497 403 568 456 [is]
589 405 789 443 consistens
803 405 841 442 in
856 406 951 453 loco,
967 405 1032 443 sed
1045 405 1221 442 inambu-

116 455 214 505 lans,
245 464 359 508 atque
383 458 561 496 adscensu
591 458 802 509 ingrediens
831 458 959 496 arduo.
1003 458 1119 496 Hisce
1151 471 1220 508 ego

116 509 447 559 cohortationibus,
479 511 624 559 Crasse,
655 512 703 549 ad
733 511 900 549 studium
927 519 962 549 et
988 511 1035 548 ad
1053 512 1220 549 laborem

115 562 348 601 incitandos
334 577 490 612 juvenes
504 565 742 602 vehementer
755 564 955 602 assentior:
977 572 1120 612 caetera,
1134 578 1219 615 quae

115 616 298 666 collegisti
315 629 362 654 ex
380 617 490 655 variis
516 625 553 655 et
570 617 722 655 diversis
741 618 872 656 studiis
891 625 927 655 et
945 618 1100 665 artibus,
1121 625 1218 655 tam-

116 669 185 706 etsi
224 669 303 720 ipse
338 683 377 708 es
405 670 533 708 omnia
564 677 795 718 consecutus,
834 678 961 708 tamen
991 673 1038 708 ab
1066 671 1219 708 oratoris

115 722 266 773 proprio
283 722 404 761 officio
423 733 536 774 atque
553 736 709 762 munere
727 726 894 774 sejuncta
912 736 988 762 esse
1007 724 1176 761 arbitror.

168 775 307 814 LXII.
338 776 432 814 Haec
461 789 549 814 curn
579 777 772 815 Antonius
801 777 967 824 dixisset,
1000 789 1087 814 sane
1106 777 1216 815 dubi-

115 835 193 866 tare
212 829 312 867 visus
331 836 385 867 est
404 830 606 880 Sulpicius,
639 840 675 868 et
703 830 826 879 Cotta,
857 830 977 868 utrius
995 830 1111 868 oratio
1129 843 1216 881 pro-

113 882 200 932 pius
219 882 267 919 ad
285 883 478 921 veritatem
493 883 679 921 videretur
697 883 878 921 accedere.
909 883 1014 920 Tum
1034 883 1210 921 Crassus:

113 934 341 985 Operarium
371 936 478 974 nobis
508 936 726 986 quemdam,
757 936 918 984 Antoni,
950 943 1133 974 oratorem
1159 936 1216 973 fa-

110 987 188 1034 cis;
220 995 334 1039 atque
351 988 454 1026 haud
479 989 568 1037 scio,
599 1001 648 1027 an
666 990 773 1027 aliter
791 990 939 1036 sentias,
967 996 1004 1027 et
1021 996 1127 1028 utare
1146 990 1213 1027 tua

109 1041 177 1079 ina
194 1040 354 1080 mirifica
379 1041 428 1079 ad
458 1042 704 1080 refellendum
735 1042 1014 1090 consuetudine,
1041 1042 1119 1093 qua
1143 1042 1213 1080 tibi

109 1106 222 1133 nemo
239 1107 410 1145 unquam
428 1095 624 1146 praestitit3
657 1096 764 1144 cujus
783 1096 937 1147 quidem
955 1095 1073 1146 ipsius
1091 1095 1210 1133 facul-

109 1148 196 1185 tatis
211 1147 423 1186 exercitatio
441 1155 631 1186 oratorum
648 1149 800 1200 propria
814 1156 881 1197 est,
897 1149 961 1187 sed
972 1150 1058 1209 ‘jam
1072 1149 1112 1186 in
1126 1148 1212 1200 phi-

106 1200 351 1252 losophorum
378 1202 646 1240 consuetudine
671 1210 851 1250 versatur,
878 1202 1120 1252 maximeque
1151 1215 1211 1240 eo-

109 1266 210 1302 rum,
230 1254 297 1305 qui
317 1254 364 1292 de
381 1254 485 1292 omni
509 1268 549 1292 re
574 1255 765 1306 proposita
789 1255 828 1292 in
847 1262 1048 1306 utramque
1065 1262 1210 1305 partem

109 1307 229 1344 solent
258 1307 507 1357 copiosissime
536 1307 667 1346 dicere.
711 1308 858 1346 Verum
886 1320 954 1358 ego
983 1320 1059 1345 non
1089 1308 1212 1345 solum

107 1360 328 1408 arbitrabar,
359 1360 418 1398 his
446 1361 651 1411 praesertim
682 1361 933 1409 audientibus,
964 1373 987 1397 a
1015 1373 1077 1398 me
1095 1360 1212 1398 infor..

106 1413 203 1450 mari
221 1415 401 1463 oportere,
428 1413 549 1464 qualis
575 1426 651 1451 esse
669 1421 792 1464 posset
810 1414 854 1461 is,
882 1413 948 1464 qui
966 1413 1179 1451 habitaret
1169 1426 1208 1451 m

106 1466 303 1513 subselliis,
334 1478 456 1517 neque
481 1466 690 1517 quidquam
720 1467 883 1517 amplius
901 1466 1061 1515 afferret,
1092 1479 1209 1517 quam

105 1518 209 1569 quod
245 1531 441 1556 causarum
480 1519 675 1557 necessitas
711 1520 915 1570 postularet
934 1533 944 1556 ε
983 1519 1048 1557 sed
1083 1521 1209 1569 majus

104 1571 288 1623 quiddam
313 1571 500 1620 videbam,
531 1585 618 1610 cum
647 1574 857 1621 censebam,
883 1580 1082 1621 oratorem,
1110 1586 1206 1623 prae-

103 1625 231 1663 sertim
248 1625 288 1662 in
306 1625 434 1662 nostra
451 1625 655 1676 republica,
676 1625 817 1663 nullius
842 1626 1052 1663 ornamenti
1074 1639 1206 1676 exper-

102 1684 179 1716 tem
198 1691 275 1716 esse
292 1686 471 1729 oportere.
501 1679 565 1716 Tu
585 1687 727 1725 autem,
748 1679 928 1729 quoniam
956 1679 1100 1728 exiguis
1119 1680 1204 1730 qui-

101 1731 263 1769 busdam
283 1731 422 1770 finibus
439 1739 562 1770 totum
581 1732 733 1769 oratoris
751 1744 891 1769 munus
909 1731 1199 1780 circumdedisti,

102 1783 173 1822 hoc
190 1784 337 1822 facilius
362 1785 469 1822 nobis
495 1797 656 1836 expones
683 1798 739 1833 ea,
766 1798 852 1836 quae
870 1786 937 1823 abs
956 1792 992 1822 te
1010 1784 1057 1822 de
1075 1784 1205 1823 officiis

99 1837 367 1889 praeceptisque
386 1838 540 1876 oratoris
569 1839 725 1889 quaesita
742 1844 854 1883 sunt3
882 1837 959 1885 sed,
980 1838 1125 1888 opinor,
1146 1850 1203 1875 se-

99 1891 267 1928 cundum
296 1890 398 1929 hunc
426 1891 551 1929 diemz
583 1891 672 1929 satis
701 1891 801 1929 enim
827 1891 949 1929 multa
966 1903 989 1927 a
1007 1891 1114 1928 nobis
1132 1890 1200 1928 ho-

99 1942 160 1981 die
177 1943 276 1982 dicta
293 1950 393 1982 sunt.
433 1944 550 1983 Nunc
580 1951 616 1982 et
634 1944 812 1993 Scaevola,
841 1943 1020 1995 quoniam
1039 1943 1078 1980 in
1098 1943 1199 1981 Tus-

98 1996 276 2035 culanum
294 1997 347 2034 ire
365 1997 569 2045 constituit,
599 1998 758 2048 paulum
788 1996 1004 2048 requiescet,
1036 1995 1130 2032 dum
1157 2008 1197 2033 se

96 2049 195 2088 calor
211 2049 384 2101 frangat3
415 2056 452 2089 et
470 2063 537 2089 nos
555 2050 640 2103 ipsi,
667 2050 846 2102 quoniam
864 2049 904 2087 id
929 2048 1105 2100 temporis
1125 2056 1193 2097 est,
