1428 2308
252 56 330 96 DE
359 55 748 105 INVENTIONE,
778 55 876 94 Lm.
894 54 927 93 Ι.
958 54 1061 94 CAP.
1080 53 1140 91 ll.
1201 51 1244 89 ll

147 163 324 214 aequitate
356 164 417 211 sit,
446 163 723 202 consideratur:
765 163 827 200 cui
859 160 1064 213 diligentia:
1095 171 1252 211 praeesse

147 217 250 267 apud
268 230 336 255 nos
351 217 608 266 jurisconsulti
633 216 906 253 existimantur.
947 215 1009 252 Ac
1031 213 1251 263 juridicialis

148 270 305 320 quidem
323 271 405 321 ipsa
421 270 461 308 in
481 270 574 307 duas
589 270 825 307 distribuitur
838 275 975 319 partes,
991 267 1202 305 absolutam
1217 272 1254 302 et

148 324 406 361 assumtivam.
452 323 642 361 Absoluta
661 330 728 369 est,
749 336 835 374 quae
853 322 934 372 ipsa
958 322 998 358 in
1025 334 1063 358 se
1090 319 1254 357 continet

146 376 243 425 juris
258 385 295 414 et
309 377 458 425 injuriae
474 377 719 427 quaestionem
734 390 743 413 :
766 375 983 421 assumtiva,
1004 387 1089 425 quae
1107 374 1188 423 ipsa
1206 384 1252 409 ex

149 442 189 467 se
215 430 312 467 nihil
337 430 437 467 firmi
462 430 527 467 dat
551 430 599 466 ad
623 429 906 475 recusationem,
931 428 1020 465 foris
1038 434 1165 464 autem
1185 425 1253 462 ali-

149 483 243 533 quid
257 483 482 521 defensionis
501 483 669 520 assumit.
711 482 810 531 Ejus
829 489 951 532 partes
970 489 1059 518 sunt
1077 487 1252 531 quatuor,

151 536 350 583 concessio,
379 536 536 574 remotio
554 536 734 581 criminis,
754 536 884 573 relatio
903 534 1082 581 criminis,
1103 545 1255 582 compa-

149 590 256 627 ratio.
287 590 484 627 Concessio
503 597 571 637 est,
599 602 687 627 eum
713 602 797 626 reus
822 601 898 626 non
917 588 969 634 id,
991 587 1092 638 quod
1110 586 1253 623 factum

151 649 220 689 est,
249 642 429 686 defendit,
460 642 537 689 sed,
566 650 610 680 ut
628 643 854 693 ignoscatur,
876 641 1052 692 postulat.
1101 640 1196 677 Haec
1215 638 1255 674 in

152 695 246 733 duas
264 703 387 746 partes
406 696 599 743 dividitur,
615 696 877 746 purgationem
893 702 929 732 et
944 693 1254 744 deprecationem.

154 748 338 798 Purgatio
361 756 429 796 est,
459 761 546 787 cum
576 749 719 787 factum
745 748 972 795 conceditur,
1000 747 1112 796 culpa
1135 757 1257 782 remo-

154 810 272 839 vetur.
304 802 402 840 Haec
414 809 537 853 partes
550 802 665 839 habet
678 809 765 850 tres,
786 801 1095 852 imprudentiam,
1113 810 1256 844 casum,

153 855 420 893 necessitatem.
451 856 674 906 Deprecatio
693 862 760 903 est,
781 867 869 891 cum
889 861 925 892 et
939 853 1107 904 peccasse
1122 858 1158 889 et
1172 863 1259 889 con-

154 909 253 945 sulto
271 909 441 958 peccasse
459 922 544 946 reus
565 922 602 946 se
621 908 832 955 confitetur,
852 914 888 944 et
906 915 1046 953 tamen,
1067 912 1111 943 ut
1133 906 1259 954 ignos-

154 968 274 1009 catur,
303 963 493 1012 postulat;
524 961 626 1013 quod
644 974 762 1011 genus
780 973 930 1011 perraro
947 966 1069 1010 potest
1083 958 1258 996 accidere.

154 1014 334 1052 Remotio
348 1015 513 1053 criminis
533 1022 600 1063 est,
622 1028 710 1053 cum
728 1014 769 1051 id
786 1014 942 1061 crimen,
964 1013 1067 1064 quod
1085 1011 1258 1057 infertur,

154 1069 203 1105 ab
222 1081 260 1105 se
284 1075 322 1105 et
345 1070 392 1106 ab
412 1068 481 1106 sua
499 1068 625 1118 culpa,
652 1067 690 1105 vi
715 1074 751 1104 et
775 1074 957 1117 potestate
974 1067 1014 1103 in
1033 1065 1151 1103 alium
1176 1076 1262 1100 reus

154 1133 344 1159 removere
371 1128 549 1159 conatur:
579 1122 620 1158 id
645 1121 844 1171 dupliciter
868 1120 949 1157 fieri
966 1119 1116 1170 poterit,
1146 1117 1177 1155 si
1195 1122 1262 1153 aut

155 1174 268 1211 causa
285 1181 351 1212 aut
368 1175 511 1213 factum
524 1175 565 1211 in
583 1174 703 1211 alium
721 1173 973 1211 transferetur.
1004 1173 1128 1210 Causa
1141 1177 1261 1208 trans-

155 1227 290 1274 fertur,
319 1241 407 1266 cum
435 1228 558 1266 aliena
584 1227 721 1264 dicitur
748 1227 786 1264 vi
814 1233 850 1263 et
876 1233 1058 1276 potestate
1088 1224 1260 1261 factum:

156 1280 301 1318 factum
320 1288 462 1329 autem,
492 1293 581 1318 cum
598 1281 694 1317 alius
719 1287 786 1317 aut
811 1280 983 1317 debuisse
1008 1285 1075 1315 aut
1098 1277 1263 1327 potuisse

157 1332 278 1371 facere
305 1334 453 1372 dicitur.
495 1334 646 1372 Relatio
673 1333 840 1371 criminis
869 1339 936 1379 est,
967 1345 1054 1370 cum
1072 1331 1156 1368 ideo
1179 1331 1264 1378 jure

158 1386 302 1424 factum
327 1387 477 1435 dicitur,
506 1386 609 1438 quod
635 1386 771 1436 aliquis
791 1393 877 1423 ante
895 1385 1035 1434 injuria
1052 1383 1263 1421 lacessierit.

161 1439 403 1490 Comparatio
433 1447 501 1487 est,
529 1452 618 1477 cum
643 1439 747 1476 aliud
772 1439 927 1489 aliquod
945 1439 1104 1486 alicujus
1122 1436 1266 1473 factum

159 1500 306 1530 rectum
331 1499 398 1530 aut
421 1493 515 1531 utile
540 1492 789 1538 contenditur,
817 1492 920 1542 quod
944 1498 988 1528 ut
1011 1492 1130 1539 fieret,
1154 1488 1265 1536 illud,

160 1545 265 1597 quod
283 1546 467 1596 arguitur,
488 1546 624 1583 dicitur
643 1558 719 1583 esse
737 1545 993 1583 commissum.

214 1598 264 1636 In
282 1598 418 1650 quarta
436 1599 712 1647 constitutione,
733 1611 850 1649 quam
868 1596 1127 1636 translativam
1144 1595 1267 1633 nomi-

160 1664 313 1701 namuS‚
342 1652 424 1701 ejus
442 1652 716 1690 constitutionis
735 1659 789 1689 est
807 1651 1067 1699 controversia,
1095 1663 1184 1688 cum
1203 1655 1268 1686 aut

163 1717 294 1755 quem,
323 1712 390 1742 aut
414 1706 586 1757 quicum,
615 1712 682 1743 aut
707 1704 912 1757 quomodo,
941 1711 1009 1742 aut
1031 1703 1134 1754 apud
1159 1715 1267 1753 quos,

162 1765 231 1795 aut
248 1771 324 1809 quo
339 1759 438 1807 jure,
454 1766 522 1796 aut
539 1772 615 1810 quo
633 1765 816 1809 tempore,
837 1770 946 1807 agere
963 1763 1145 1808 oporteat,
1165 1768 1269 1806 quae-

162 1810 274 1858 ritur,
303 1818 369 1849 aut
394 1812 549 1849 omnino
568 1812 713 1862 aliquid
730 1811 777 1849 de
795 1810 1088 1849 commutatione
1116 1815 1183 1846 aut
1210 1808 1269 1844 in-

165 1863 377 1902 firmatione
391 1865 545 1902 actionis
564 1866 699 1915 agitur.
730 1865 862 1913 Hujus
881 1862 1154 1902 constitutionis
1169 1861 1271 1898 Her-

163 1929 338 1967 magoras
354 1917 526 1956 inventor
544 1931 621 1955 esse
636 1918 896 1962 existimatur-3
926 1929 1003 1954 non
1022 1928 1098 1966 quo
1116 1927 1193 1952 non
1211 1913 1270 1950 usi

165 1969 241 2007 sint
270 1970 315 2007 ea
341 1977 481 2008 veteres
509 1978 670 2009 oratores
697 1984 796 2021 saepe
822 1970 950 2017 multi,
980 1969 1044 2007 sed
1077 1968 1167 2018 quia
1194 1977 1270 2003 non

164 2022 496 2061 animadverterint
520 2024 609 2061 artis
627 2023 821 2075 scriptores
847 2035 930 2061 eam
955 2021 1175 2073 superiores,
1202 2030 1271 2056 nec

165 2075 360 2113 retulerint
377 2076 417 2113 in
435 2088 639 2115 numerum
659 2077 981 2115 constitutionum.
1030 2074 1121 2110 Post
1144 2079 1272 2108 autem

166 2129 215 2166 ab
228 2128 299 2167 hoc
313 2128 505 2168 inventam
520 2130 634 2168 multi
648 2129 979 2181 reprehenderunt,
995 2139 1089 2178 quos
1104 2137 1180 2163 non
1194 2131 1272 2162 tam
