1407 2324
183 77 258 117 DE
278 78 482 118 CLARIS
501 78 887 129 ORATORIBUS,
907 79 1011 120 CAP.
1032 82 1095 119 29.
1125 81 1203 119 383

111 184 246 235 gravis,
271 192 309 223 et
333 186 574 230 auctoritate3
604 186 712 237 eique
736 187 907 237 proxime
932 187 1130 236 adjunctus
1157 187 1202 225 C.

115 237 260 276 Drusus
277 238 390 276 frater
407 238 491 277 fuit.
521 239 632 276 Tuus
657 240 769 277 etiam.
796 240 960 290 gentilis,
986 241 1119 286 Brute,
1140 240 1202 278 M.

115 291 277 338 Pennus,
305 291 412 330 facile
436 291 590 342 agitavit
614 292 654 329 in
681 293 873 330 tribunatu
903 293 946 331 C.
972 294 1200 339 Gracchum,

114 344 266 394 paulutn
286 351 394 382 aetate
411 344 642 383 antecedens.
682 345 773 383 Fuit
791 347 905 393 enim,
926 346 986 383 M.
1003 346 1149 397 Lepido
1167 354 1203 384 et

116 397 166 434 L.
193 396 318 435 Oreste
348 398 576 443 consulibus,
606 406 766 448 quaestor
794 399 999 445 Gracchus,
1029 400 1202 437 tribunus

117 450 276 497 Pennis,
305 450 407 489 illius
436 449 496 489 M.
522 450 638 497 filius,
665 451 731 502 qui
757 464 844 489 cum
869 453 919 499 Q.
941 452 1046 490 AElio
1073 453 1201 490 consul

115 503 190 541 fuit
205 517 215 540 ι
237 503 291 541 sed
304 504 432 542 onmia
449 504 480 541 is
498 516 648 542 summa
662 517 825 555 sperans,
842 505 1020 543 aedilicius
1035 513 1089 543 est
1101 518 1202 542 mor-

116 563 216 594 tuus.
248 557 354 594 Nam
373 556 419 595 de
437 557 487 594 T.
509 557 738 603 Flaminino,
766 571 879 608 quem
897 559 976 609 ipse
995 558 1084 606 vidi,
1104 558 1201 596 nihil

107 609 248 660 accepi.
261 610 333 648 nisi
352 610 489 648 Latine
507 610 704 660 diligenter
722 611 902 648 locutum.

169 662 319 700 XXIX.
347 663 402 701 Iis
421 663 588 712 adjuncti
606 671 694 701 sunt
713 664 757 701 C.
779 664 909 709 Curio,
942 664 1002 702 M.
1019 665 1196 712 Scaurus,

117 716 163 754 P.
191 716 362 763 Rutilius,
397 716 441 754 C.
470 716 672 754 Gracchus.
716 717 778 754 De
811 718 950 755 Scauro
983 725 1019 755 et
1051 717 1199 755 Rutilio

113 769 263 807 brevitu-
287 769 372 807 licet
397 769 530 815 dicere,
557 783 719 820 quorum
737 778 868 808 neuter
886 770 1026 808 summi
1044 771 1199 808 oratoris

114 821 430 867 habuitlaudem3
459 830 495 860 et
512 830 669 873 uterque
687 823 725 860 in
746 823 875 861 multis
894 823 1013 861 causis
1031 831 1198 861 versatus

110 883 204 913 erat.
234 875 271 913 In
290 876 516 927 quibusdam
534 876 732 914 laudandis
751 876 851 922 viris,
873 876 1018 914 etiamsi
1036 876 1196 913 maximi

113 928 328 979 ingeniinon
341 936 473 975 essent,
486 929 688 979 probabilis
700 936 825 966 tamen
837 929 1021 966 industria
1034 942 1045 973 3
1063 941 1198 980 quam-

115 995 230 1033 quam
253 983 288 1020 is
311 982 465 1033 quidem
491 994 568 1019 non
593 982 746 1020 omnino
764 982 973 1032 ingenium,
994 982 1058 1020 sed
1076 989 1198 1019 orato-

111 1036 214 1073 rium
238 1035 435 1086 iigenium,
462 1035 592 1072 defuit.
633 1035 770 1085 Neque
796 1035 896 1072 enim
921 1035 1032 1073 refert
1057 1035 1196 1083 videre,

113 1089 208 1139 quid
233 1088 420 1126 dcendum
447 1088 507 1134 sit,
534 1087 607 1125 nisi
630 1088 671 1125 id
695 1101 809 1138 queas
835 1089 955 1125 solute
982 1095 1019 1125 et
1037 1088 1199 1125 suaviter

106 1142 245 1180 dicere.
262 1142 325 1180 Ne
341 1142 382 1179 id
400 1141 554 1192 quidem
573 1141 660 1178 satis
678 1148 745 1188 est,
766 1141 838 1178 nisi
855 1141 908 1188 id,
929 1140 1031 1191 quod
1045 1140 1195 1188 dicitur,

108 1196 160 1234 sit
188 1207 280 1244 voe,
310 1195 434 1242 vultu,
466 1202 661 1244 motuque,
693 1194 888 1232 conditius.
936 1193 1042 1240 Quid
1072 1193 1195 1230 dicam

105 1261 206 1300 opus
221 1262 286 1287 ese
304 1247 503 1286 doctrina?
532 1247 611 1285 sine
629 1247 719 1297 quii,
736 1247 848 1284 etiam
867 1247 898 1284 si
917 1246 1009 1297 quid
1026 1248 1121 1283 bene
1140 1246 1197 1282 di-

108 1303 208 1340 citur
231 1302 421 1351 aljuvante
445 1300 594 1347 natura,
621 1307 747 1337 tamen
772 1300 825 1345 id,
853 1299 942 1349 quia
966 1299 1119 1336 fortuito
1138 1298 1194 1345 fit,

108 1361 437 1406 semperparatum
452 1366 528 1391 esse
541 1365 617 1390 non
635 1359 767 1403 potest.
798 1353 847 1389 In
866 1351 997 1389 Scauri
1015 1351 1195 1399 oratione,

102 1409 275 1459 'sapients
298 1406 461 1445 hominis
481 1413 517 1443 et
535 1406 638 1453 recti,
658 1405 820 1456 gravitas
845 1417 1008 1452 summa,
1030 1412 1066 1442 et
1083 1412 1196 1442 natu-

108 1462 196 1500 ralis
214 1460 379 1513 qtaedam
403 1460 523 1497 inerat
548 1459 760 1505 auctoritas,
788 1470 864 1495 non
884 1464 927 1495 ut
945 1470 1110 1503 causam,
1130 1457 1196 1495 sed

106 1522 152 1553 ut
170 1514 431 1559 testimonium,
451 1512 572 1550 dicere
589 1519 752 1562 putares,
773 1523 859 1548 cum
877 1523 945 1561 pro
962 1523 1026 1548 reo
1045 1511 1194 1548 diceret.

108 1568 195 1606 Hoc
219 1567 360 1606 dit-endi
377 1578 496 1617 genus
515 1565 562 1602 ad
580 1564 786 1615 patrocinia
809 1563 1043 1601 mediocriter
1060 1571 1194 1614 aptum

104 1622 318 1665 videbatir3
339 1619 388 1658 ad
401 1618 623 1656 senatoriam
638 1630 724 1655 vero
738 1617 974 1663 sententiam,
995 1617 1102 1665 cujus
1116 1624 1195 1654 erat

105 1674 169 1713 ille
197 1674 376 1725 princeps,
407 1672 467 1710 vel
495 1671 684 1708 maxime:
715 1670 948 1721 significabat
974 1670 1088 1716 enim,
1117 1682 1193 1707 non

102 1727 337 1778 prudentiam
363 1726 500 1771 solum,
528 1724 606 1771 sed,
626 1723 727 1775 quod
745 1724 911 1760 maxime
929 1736 1008 1760 rem
1027 1723 1193 1760 contine-

102 1782 182 1829 bat,
202 1780 322 1819 fidem.
353 1779 531 1817 Habebat
548 1777 618 1816 hoc
636 1791 660 1815 a
676 1777 812 1814 natur-21
828 1776 924 1827 ipsa,
944 1775 1046 1826 quod
1064 1789 1087 1813 a
1105 1775 1192 1813 doc—

101 1835 201 1872 trina
229 1845 300 1872 non
329 1832 437 1870 facile
465 1838 612 1882 posset:
643 1842 876 1882 quamquam
901 1828 1016 1877 hujus
1041 1840 1193 1878 quoque

99 1888 218 1938 ipsius
236 1886 298 1935 rei,
318 1884 640 1938 quemadmodum
659 1883 742 1931 scis,
763 1889 946 1933 praecepta
964 1887 1062 1919 sunt.
1104 1880 1192 1918 Hu-

95 1942 161 1990 jus
189 1948 226 1979 et
249 1940 429 1978 orationes
454 1944 555 1985 sunt,
582 1944 619 1975 et
640 1943 714 1974 tres
739 1936 788 1973 ad
814 1936 860 1973 L.
877 1934 1072 1972 Fufidium
1089 1933 1191 1979 libri,

99 1993 226 2044 scripti
243 1992 288 2030 de
305 1991 384 2030 vita
395 1991 513 2042 ipsius
531 1990 627 2037 acta,
648 2001 735 2027 sane
753 1989 877 2034 utiles,
897 2000 990 2038 quos
1008 1998 1120 2024 nemo
1137 1986 1192 2024 le-

96 2046 175 2096 git:
205 2053 244 2084 at
263 2045 353 2097 Cyri
371 2045 488 2083 vitam
507 2050 543 2081 et
560 2042 795 2093 disciplinam
814 2042 959 2091 legunt,
974 2040 1192 2090 praeclaram

97 2098 203 2138 illam
221 2098 390 2151 quidem,
416 2097 482 2137 sed
507 2108 629 2147 neque
653 2102 732 2134 tam
756 2096 866 2133 rebus
889 2093 1023 2132 nostris
1047 2099 1191 2144 aptam,
