1407 2324
199 83 276 124 DE
297 85 591 135 ORATORE,
622 85 721 124 LIB.
742 85 824 123 111.
855 85 957 123 CAP.
986 85 1051 122 35.
1105 82 1186 127 327

72 191 289 242 loqueretur
313 206 383 244 pro
407 194 527 233 salute
552 193 697 244 patriae,
718 192 881 232 severius
907 199 1033 230 tamen
1060 190 1132 227 id·
1123 203 1182 241 lp-

73 257 174 291 sum,
212 247 315 296 quod
342 247 407 285 ille
438 254 567 285 contra
595 248 794 298 populares
826 246 998 283 homines
1027 244 1180 291 diceret,

76 299 260 349 populare
277 301 454 339 omnibus
473 308 510 338 et
525 301 740 349 jucundum
766 299 976 337 videretur:
1007 299 1116 346 cujus
1141 297 1181 334 in

74 351 188 390 labris
222 360 362 392 veteres
394 354 540 398 comici,
570 354 683 391 etiam
718 366 807 391 cum
834 353 890 390 illi
917 352 1184 389 maledicerent

77 405 198 455 (quod
223 414 307 444 tum
325 408 490 445 Athenis
517 407 598 444 fieri
622 408 790 452 licebat),
810 407 977 456 leporem
995 404 1184 442 habitasse

75 457 268 508 dixerunt,
288 468 509 512 tantamque
527 461 566 498 in
591 474 633 498 eo
659 461 736 498 vim
761 460 889 506 fuisse,
917 467 959 496 ut
984 458 1024 495 in
1051 470 1182 495 eorum

76 512 282 561 mentibus,
313 515 380 565 qui
399 515 607 561 audissent,
628 513 736 565 quasi
755 513 903 551 aculeos
922 511 1106 562 quosdam
1125 523 1183 548 re-

76 564 275 616 linqueret.
317 568 376 605 At
400 568 502 605 hunc
521 580 597 605 non
617 568 797 605 clamator
816 566 953 617 aliquis
972 565 1020 602 ad
1039 565 1185 615 clepsy-

77 617 187 656 dram
206 619 342 658 latrare
356 621 546 668 docuerat,
567 620 644 669 sed,
664 628 708 657 ut
727 620 953 680 accepimus,
984 618 1184 656 Clazome-

78 671 164 710 nius
191 673 255 710 iJle
273 674 546 734 Anaxagoras,
576 675 632 711 vir
660 686 833 711 summus
859 673 899 710 in
927 672 1190 709 maximarum

77 737 206 763 rerum
234 727 398 764 scientia.
425 705 580 778 0Itaque
608 727 669 764 hic
696 726 880 773 doctrina,
909 725 1077 772 consilio,
1108 725 1185 762 elo-

76 779 235 829 quentia
254 781 452 827 excellens,
473 780 724 830 quadraginta
743 792 860 817 annos
878 778 1044 830 praefuit,
1061 777 1186 815 Athe-

80 832 152 880 nis,
173 840 210 870 et
228 834 382 871 urbanis
401 833 533 871 eodem
552 840 720 883 tempore
740 841 776 870 et
793 833 936 870 bellicis
955 833 1078 869 rebus.

134 885 241 932 Quid
270 886 442 925 Critias?
471 886 565 937 quid
589 886 838 924 Alcibiades?
868 885 1081 923 civitatibus
1111 884 1188 922 suis

80 939 236 990 quidem
255 952 332 978 non
351 939 454 987 boni,
483 939 547 977 sed
572 947 670 977 certe
695 939 794 977 docti
819 946 932 989 atque
957 939 1187 989 eloquentes,

79 1004 205 1030 nonne
224 993 420 1031 Socraticis
439 1000 544 1030 erant
562 993 878 1044 disputationibus
894 991 1060 1029 eruditi?
1089 991 1190 1038 Quis

82 1044 250 1083 Dionem
283 1047 527 1097 Syracusium
556 1046 734 1084 doctrinis
764 1045 941 1083 omnibus
971 1045 1152 1095 expolivit
1169 1046 1187 1082 ?

82 1111 159 1136 non
180 1099 290 1137 Plato
305 1102 322 1137 Ρ
351 1107 464 1150 atquc
483 1112 573 1137 eum
590 1099 692 1137 idern
711 1099 775 1136 ille
793 1111 869 1136 non
887 1099 1029 1148 linguae
1048 1098 1186 1145 solum,

81 1164 215 1190 verum
235 1153 349 1190 etiam
368 1153 486 1191 animi
505 1166 547 1191 ac
566 1153 714 1190 virtutis
731 1153 924 1203 magister,
951 1151 1000 1189 ad
1027 1152 1191 1189 liberan-

81 1205 173 1243 dam
203 1206 366 1256 patriam
398 1207 566 1257 impulit,
599 1206 793 1253 instruxit,
821 1205 993 1243 armavit.
1039 1205 1191 1242 Aliisne

84 1258 202 1309 igitur
220 1260 363 1298 artibus
381 1260 484 1297 hunc
503 1259 670 1297 Dionem
682 1259 845 1296 instituit
864 1259 988 1306 Plato,
1008 1258 1091 1295 aliis
1111 1257 1194 1295 Iso-

83 1320 203 1350 crates
243 1313 494 1350 clarissimum
534 1312 659 1351 virum
697 1312 962 1359 Timotheum,
1010 1310 1190 1359 Cononis,

84 1366 385 1416 praestantissimi
411 1366 661 1416 imperatoris,
685 1365 823 1413 filiurn,
844 1377 1040 1403 summum
1065 1364 1191 1415 ipsum

86 1419 367 1469 imperatorem,
400 1419 671 1469 hominemque
698 1418 957 1456 doctissimum
971 1420 988 1455 ‚⁹
1017 1425 1085 1455 aut
1111 1417 1194 1455 aliis

88 1471 350 1522 Pythagoreus
375 1472 440 1510 ille
468 1472 580 1523 Lysis
607 1472 840 1510 Thebanum
868 1471 1193 1522 Epaminondam,

87 1524 193 1563 haud
212 1526 286 1563 scio
305 1538 354 1563 an
374 1538 570 1564 summum
588 1525 714 1563 virum
732 1538 855 1563 unum
873 1524 996 1563 omnis
1009 1524 1164 1562 Graeciae
1178 1526 1196 1562 ἒ

86 1586 156 1616 aut
170 1578 386 1630 Xenophon
399 1579 627 1629 Agesilaum
641 1581 659 1617 ?
687 1586 756 1616 aut
770 1579 991 1616 Philolaum
1005 1578 1198 1629 Archytas

89 1631 322 1670 Tarentinus
337 1635 354 1671 ?
383 1640 450 1670 aut
477 1633 558 1683 ipse
581 1632 817 1683 Pythagoras
835 1639 955 1670 totam
972 1631 1080 1669 illam
1098 1639 1199 1669 vete-

90 1697 172 1723 rem
193 1685 316 1724 Italiae
337 1685 538 1734 Graeciam,
559 1699 646 1737 quae
665 1685 861 1737 quondam
879 1685 1029 1736 Magna
1039 1684 1201 1723 vocitata

92 1745 153 1776 est
165 1740 183 1776 ?

145 1791 326 1831 XXXV.
354 1791 549 1844 Equidem
565 1804 643 1830 non
661 1791 833 1831 arbitror,
873 1791 936 1830 Sic
955 1791 1057 1830 enim
1077 1791 1199 1840 video,

94 1857 214 1883 unam
232 1845 440 1896 quamdam
458 1845 633 1884 omnium
650 1858 792 1906 return,
806 1858 892 1896 quae
911 1852 1032 1883 essent
1050 1845 1204 1883 homine

91 1898 239 1938 erudito
268 1899 406 1949 dignae,
439 1906 553 1950 atque
578 1912 622 1936 eo
646 1899 714 1950 qui
738 1899 778 1936 in
796 1899 990 1949 republica
1008 1898 1120 1935 vellet
1138 1911 1204 1935 ex-

96 1951 244 1999 cellere,
264 1951 379 1990 fuisse
403 1952 640 1997 doctrinam;
670 1965 788 2003 quam
810 1952 877 2003 qui
906 1951 1146 2001 accepissent,
1173 1951 1205 1988 si

99 2004 244 2042 iidem
234 2005 385 2056 ingenio
404 2005 452 2044 ad
469 2005 797 2056 pronuntiandum
815 2005 1032 2051 valuissent,
1049 2011 1086 2041 et
1104 2017 1142 2042 se
1156 2004 1206 2042 ad

98 2056 302 2096 dicendum
317 2071 483 2119 quoque,
498 2071 575 2097 non
588 2066 823 2119 repugnante
836 2058 987 2105 natura,
1004 2057 1206 2104 dedissent,

102 2110 321 2162 eloquentia
343 2112 571 2163 praestitisse.
613 2111 778 2163 Itaque
769 2123 849 2162 ipse
867 2111 1102 2159 Aristoteles,
1122 2123 1211 2149 cum

103 2162 239 2203 florere
275 2163 480 2205 Isocratem
515 2165 710 2204 nobilitate
746 2164 1018 2215 discipulorum
1055 2164 1212 2212 videret,
