1429 2344
173 59 252 103 378
282 56 358 95 DE
380 55 586 95 CLARIS
606 52 997 104 ORATORIBUS,
1020 53 1126 94 CAP.
1145 56 1211 93 25.

178 165 323 203 fantem
349 163 457 202 video
483 162 612 210 fuisse,
642 169 684 200 ut
709 174 756 199 ex
775 160 1007 200 orationibus
1026 163 1107 211 ejus
1125 161 1286 213 intelligi

181 225 314 269 potest.

238 271 340 308 Cum
366 270 447 308 haec
475 269 668 317 dixissem,
696 276 732 307 et
760 269 920 320 paulum
947 268 1285 320 inter-quievissem,

184 324 292 371 Quid
311 324 440 374 igitur,
461 323 599 373 inquit,
621 330 675 360 est
694 336 829 369 causae,
850 322 1010 370 Brutus,
1030 323 1061 360 si
1085 330 1190 360 tanta
1215 323 1289 361 vir-

185 386 246 415 tus
265 377 305 414 in
325 384 469 415 oratore
485 376 612 414 Galba
629 376 717 422 fuit,
738 388 804 413 cur
823 388 866 413 ea
880 376 987 413 nulla
999 376 1040 412 in
1059 377 1290 415 orationibus

185 432 267 479 ejus
292 432 501 481 appareat?
531 429 633 480 quod
658 429 787 467 mirari
811 441 888 466 non
906 441 1061 480 possum
1078 429 1118 467 in
1137 429 1203 479 eis,
1223 430 1291 482 qui
1323 469 1326 471 Α

184 484 282 522 nihil
301 483 455 521 omnino
475 483 601 533 scripti
619 483 864 533 reliquerunt.

239 537 401 576 XXIV.
431 537 515 574 Nec
547 537 650 574 enim
683 544 737 574 est
769 536 914 583 eadem,
948 535 1121 587 inquam,
1155 537 1291 588 Brute,

186 605 299 629 causa
331 604 408 629 non
442 590 640 638 scribendi,
675 597 711 627 et
743 602 819 627 non
852 597 933 627 tam
964 591 1060 628 bene
1091 590 1291 641 scribendi,

187 658 304 695 quam
331 645 506 682 dixerint.
551 644 657 681 Nam
675 643 848 681 videmus
867 643 958 681 alios
977 651 1140 682 oratores
1157 644 1295 683 inerti&

186 698 283 736 nihil
303 698 502 748 scripsisse,
523 710 571 735 ne
590 697 816 735 domesticus
835 697 949 734 etiam
974 697 1081 737 labor
1105 697 1295 737 accederet

187 751 237 789 ad
266 751 478 796 forensem;
508 751 698 801 pleraeque
730 750 831 788 enim
864 750 1079 788 scribuntur
1109 751 1295 791 orationes

189 805 328 842 habitae
350 806 446 854 jam,
468 817 544 841 non
564 812 606 842 ut
625 805 860 842 habeantur:
890 803 982 841 alios
1007 816 1084 842 non
1108 805 1292 855 laborare,

189 865 233 895 ut
259 859 432 899 meliores
458 858 576 903 fiant3
606 859 713 896 nulla
736 858 838 895 enim
858 870 915 895 res
933 864 1084 895 tantum
1102 858 1151 895 ad
1169 858 1295 897 dicen-

190 912 283 948 dum
310 912 469 962 proficit,
499 919 687 972 quantum
714 911 888 962 scriptio:
918 912 1142 949 memoriam
1167 922 1297 951 autem

190 965 231 1002 in
250 973 443 1016 posterum
462 965 604 1015 ingemi
623 965 682 1003 sui
707 977 783 1002 non
809 964 1034 1012 desiderant,
1061 978 1148 1003 cum
1168 978 1206 1004 se
1223 980 1297 1018 pu..

191 1025 273 1056 tant
306 1019 395 1056 satis
420 1031 608 1080 magnam
641 1019 795 1069 adeptos
828 1031 905 1056 esse
936 1018 1084 1056 dicendi
1120 1019 1295 1080 gloriam,

190 1085 352 1123 eamque
381 1072 495 1109 etiam
525 1073 709 1121 majorem
735 1071 859 1110 visum
883 1071 943 1118 iri,
971 1072 1002 1109 si
1020 1072 1060 1109 in
1079 1073 1298 1112 existiman-

190 1126 288 1164 tium
307 1126 505 1163 arbitrium
525 1139 593 1163 sua
608 1125 745 1176 scripta
761 1137 839 1162 non
853 1125 1046 1163 venerint:
1068 1126 1174 1174 alios,
1195 1128 1298 1178 quod

189 1180 326 1216 melius
345 1186 480 1229 putent
499 1179 620 1217 dicere
639 1192 677 1217 se
694 1192 816 1230 posse,
845 1191 963 1229 quam
981 1179 1163 1226 scribere;
1193 1182 1297 1232 quod

188 1232 458 1284 peringeniosis
476 1233 708 1279 hominibus,
729 1245 853 1283 neque
871 1232 959 1270 satis
977 1233 1108 1282 doctis,
1126 1235 1296 1284 plerum-

189 1299 263 1337 que
282 1286 479 1336 contingit,
500 1293 543 1323 ut
561 1286 633 1336 ipsi
650 1286 808 1331 Galbae;
831 1298 947 1336 quem
960 1285 1115 1324 fortasse
1128 1287 1197 1335 vis,
1217 1302 1295 1328 non

186 1340 330 1390 ingenii
349 1341 487 1386 solum,
513 1339 577 1377 sed
596 1340 710 1377 etiam
729 1339 861 1386 animi,
883 1346 919 1377 et
936 1340 1118 1378 naturalis
1136 1342 1294 1391 quidam

189 1394 309 1441 dolor,
330 1394 516 1431 dicentem
541 1393 791 1438 incendebat;
822 1393 1092 1444 efficiebatque,
1119 1401 1163 1432 ut
1181 1403 1218 1434 et
1234 1396 1294 1434 in-

187 1448 313 1495 citata,
335 1455 372 1485 et
389 1447 526 1497 gravis,
548 1454 584 1484 et
599 1447 798 1485 vehemens
813 1453 906 1484 esset
919 1447 1060 1485 oratio:
1083 1447 1184 1497 dein,
1205 1463 1294 1489 cum

188 1501 328 1539 otiosus
354 1501 484 1538 stilum
510 1500 771 1551 prehenderat,
798 1507 1001 1551 motusque
1019 1501 1142 1539 omnis
1159 1503 1293 1553 animi,

189 1562 388 1605 tamquam
422 1561 569 1602 ventus,
600 1554 796 1591 hominem
825 1554 1024 1602 defecerat,
1058 1555 1296 1596 flaccescebat

188 1608 332 1653 orati03
363 1608 500 1658 quod
490 1608 549 1655 iis,
577 1608 643 1657 qui
667 1608 836 1645 limatius
861 1607 1009 1645 dicendi
1036 1617 1296 1649 consectantur

188 1674 322 1712 genus,
344 1661 508 1699 accidere
528 1673 603 1698 non
624 1662 729 1706 solet,
749 1667 948 1712 propterea
966 1661 1069 1712 quod
1092 1664 1296 1713 prudentia.

189 1727 388 1765 nunquam
422 1714 546 1752 deficit
578 1721 777 1762 oratorem,
816 1728 894 1765 qua
924 1714 988 1752 ille
1019 1722 1129 1753 utens
1160 1717 1292 1756 eodem

188 1768 303 1806 modo
327 1768 444 1818 possit
470 1775 506 1805 et
531 1767 652 1805 dicere
681 1774 717 1805 et
741 1767 923 1812 scribere3
954 1768 1064 1806 ardor
1080 1769 1199 1807 animi
1216 1783 1294 1810 non

190 1834 338 1872 semper
363 1821 467 1858 adest
483 1834 494 1865 3
524 1820 631 1881 isque
650 1834 738 1858 cum
757 1821 937 1869 consedit,
957 1821 1080 1860 omnis
1098 1823 1164 1860 ina
1182 1823 1237 1862 vis
1256 1832 1294 1863 et

190 1875 299 1925 quasi
317 1875 473 1912 flamma
492 1874 647 1912 oratoris
667 1874 931 1934 exstinguitur.
979 1875 1093 1913 Hanc
1110 1875 1227 1927 igitur
1244 1880 1294 1916 ob

189 1941 343 1966 causam
362 1928 509 1966 videtur
528 1927 639 1964 Laelii
658 1940 765 1965 mens
784 1927 924 1979 spirare
942 1928 1056 1966 etiam
1074 1929 1114 1967 in
1133 1931 1292 1982 scriptis,

190 1982 325 2019 Galbae
344 1989 472 2019 autem
491 1993 546 2019 VIS
565 1981 751 2019 occidisse.

241 2034 378 2073 XXV.
408 2035 582 2073 Fuerunt
610 2034 724 2073 etiam
749 2034 789 2072 in
814 2041 1006 2074 oratorum
1031 2049 1191 2076 numero
1211 2051 1294 2077 me-

188 2087 372 2127 diocrium
403 2089 451 2128 L.
483 2096 520 2127 et
549 2088 614 2139 Sp.
637 2088 837 2138 Mummii,
867 2088 1013 2138 fratres,
1044 2104 1209 2142 quorum
1227 2105 1293 2132 ex-
