1407 2308
293 81 371 121 DE
399 80 693 131 ORATORE,
724 82 820 120 Lm.
839 82 871 120 I.
902 84 1005 122 Cur.
1022 88 1059 123 9.
1154 86 1222 123 131

124 189 264 237 riculis,
291 189 450 228 retinere
481 189 652 227 homines
680 190 718 227 in
748 189 895 228 civitate
908 192 926 229 Ρ
965 191 1073 238 Quid
1098 199 1225 231 autem

123 250 203 280 tam
220 243 484 290 necessarium,
500 255 616 294 quam
635 250 760 281 tenere
779 256 924 295 semper
941 257 1060 293 arma,
1086 246 1227 296 quibus

122 297 182 334 vel
204 303 323 335 tectus
347 297 426 348 ipse
451 309 529 334 esse
553 296 684 347 possis,
713 297 771 334 vel
798 310 998 347 provocare
1015 298 1223 350 improbos,

122 350 182 388 vel
200 357 237 388 te
251 350 380 389 ulcisci
392 350 583 388 lacessitus
598 352 615 387 Ρ
643 350 731 400 Age
747 363 846 396 vern,
863 363 910 388 ne
925 364 1071 403 semper
1082 352 1222 401 forum,

119 404 311 451 subsellia,
333 403 484 451 Rostra,
505 403 724 454 curiamque
743 404 936 452 meditere,
953 405 1045 455 quid
1060 419 1138 444 esse
1157 419 1225 457 po-

120 463 190 494 test
208 457 249 497 in
267 457 343 496 otio
361 464 428 495 aut
442 457 648 506 jucundius
663 464 728 494 aut
743 457 863 507 magis
877 459 1074 508 proprium
1088 459 1225 497 huma-

119 509 260 559 nitatis,
290 523 407 562 quam
435 523 556 548 sermo
583 510 724 548 facetus
751 523 794 548 ac
821 512 928 549 nulla
955 511 994 549 in
1023 526 1062 550 re
1089 512 1225 551 rudis?

122 563 209 601 Hoc
232 564 334 602 enim
360 577 438 602 uno
463 571 685 614 praestamus
711 564 770 601 vel
796 565 963 602 maxime
992 565 1093 612 feris,
1121 566 1224 617 quod

117 617 370 668 colloquimur
398 618 494 655 inter
523 630 605 665 nos,
634 624 671 655 et
700 617 802 668 quod
830 618 1039 668 exprimere
1066 619 1224 657 dicendo

117 681 225 708 sensa
239 683 450 722 possumus.
480 671 741 718 Quamobrem
761 671 846 721 quis
865 678 935 709 νῆες
956 684 1030 709 non
1045 673 1131 721 jure
1149 673 1224 710 mi-

118 731 232 772 retur,
252 737 477 775 summeque
494 724 533 761 in
553 736 597 762 eo
616 724 886 762 elaborandum
912 738 989 763 esse
1008 725 1222 773 arbitretur,

117 783 174 824 ut,
204 790 281 828 quo
308 790 385 815 uno
411 777 582 815 homines
609 777 777 814 maxime
803 778 930 815 bestiis
958 785 1149 829 praestent,
1182 780 1220 816 in

116 829 188 868 hoc
216 830 434 870 hominibus
465 831 556 882 ipsis
587 830 816 868 antecellat?
859 831 915 869 Ut
946 844 1033 868 vero
1062 833 1143 880 jam
1173 833 1221 869 ad

116 883 182 921 illa
203 896 354 922 summa
377 884 598 929 veniamus;
633 897 720 935 quae
745 884 800 921 vis
826 884 899 922 alia
924 885 1048 935 potuit
1072 893 1140 922 aut
1165 886 1223 923 di-

113 949 258 986 spersos
279 937 450 976 homines
471 950 595 975 unum
621 936 662 974 in
687 938 813 975 locum
837 950 1074 988 congregare,
1103 946 1171 976 aut
1200 952 1222 976 a

114 989 195 1028 fera
212 991 423 1042 agrestique
440 990 520 1029 vita
538 990 586 1028 ad
604 989 708 1028 hunc
731 990 946 1028 humanum
966 992 1113 1029 cultum
1133 992 1223 1030 civi-

114 1043 267 1095 lemque
298 1045 495 1092 deducere,
529 1050 608 1091 aut,
642 1045 724 1092 jam
754 1044 964 1082 constitutis
993 1045 1221 1093 civitatibus,

113 1096 228 1147 leges,
252 1098 408 1147 judicia,
431 1099 521 1148 jura
545 1097 780 1136 (1050111101οἒ
809 1098 885 1145 Ac,
911 1110 959 1135 ne
984 1099 1108 1149 plura,
1137 1113 1224 1150 quae

111 1159 201 1190 sunt
223 1164 331 1203 paene
354 1151 660 1199 innumerabilia,
680 1158 880 1198 consecter,
900 1152 1217 1212 comprehendam

112 1205 241 1251 brevi3
271 1205 323 1244 sic
341 1205 444 1244 enim
462 1212 598 1253 statuo,
619 1204 773 1255 perfecti
791 1205 945 1243 oratoris
963 1205 1220 1244 moderatione

111 1266 150 1297 et
166 1259 350 1310 sapientia
366 1271 444 1297 non
463 1258 615 1297 50111111“
604 1258 723 1309 ipsius
741 1258 979 1309 dignitatem,
1000 1259 1064 1296 sed
1083 1266 1120 1296 et
1138 1260 1215 1310 pri-

110 1320 284 1351 vatorum
297 1312 552 1363 plurimorum
567 1319 604 1349 et
614 1312 797 1350 universae
810 1312 1026 1362 reipublicae
1041 1313 1216 1361 salutem,

112 1365 280 1404 maxime
306 1366 498 1404 contineri.
535 1364 798 1413 Quamobrem
825 1365 982 1416 pergite,
1014 1372 1057 1402 ut
1082 1365 1218 1413 facitis,

113 1419 389 1465 adolescentes3
419 1426 534 1469 atque
557 1418 598 1456 in
619 1418 660 1456 id
682 1418 866 1465 studium,
887 1418 927 1455 in
946 1430 1023 1469 quo
1042 1418 1141 1466 estis,
1161 1419 1220 1456 in-

113 1472 295 1520 cumbite,
308 1479 353 1510 ut
370 1480 408 1510 et
425 1472 530 1510 vobis
548 1471 696 1520 honori,
712 1478 750 1509 et
767 1471 898 1510 amicis
916 1472 1085 1521 utilitati,
1102 1479 1139 1510 et
1150 1473 1221 1511 rei-

115 1526 278 1578 publicae
298 1526 569 1572 emolumento,
590 1537 667 1563 esse
685 1525 846 1576 possitis.

163 1578 240 1618 IX.
267 1579 390 1628 Tum,
416 1578 584 1617 Scaevola
606 1579 775 1627 comiter,
801 1585 846 1616 ut
872 1579 1027 1625 solebat,
1049 1578 1209 1627 Caetera,

108 1633 248 1685 inquit,
274 1631 453 1671 assentior
471 1631 620 1680 Crasse,
643 1645 691 1670 ne
716 1638 783 1670 aut
807 1631 854 1670 de
879 1631 925 1670 C.
946 1631 1071 1680 Laelii,
1099 1633 1214 1670 soceri

109 1687 200 1736 mei,
223 1694 291 1725 aut
307 1686 356 1724 de
372 1686 502 1735 hujus,
522 1685 662 1736 generi,
683 1692 749 1723 aut
767 1692 846 1724 arte
864 1692 931 1723 aut
947 1685 1068 1736 gloria
1089 1685 1213 1724 detra-

110 1739 226 1778 hamz
255 1739 321 1778 sed
338 1739 405 1778 ina
415 1740 506 1788 duo,
519 1740 665 1788 Crasse,
679 1751 820 1787 vereor,
833 1746 877 1777 ut
891 1739 961 1777 tibi
974 1738 1115 1789 possim
1129 1752 1217 1777 con-

107 1793 264 1839 cedere3
292 1805 430 1843 unum,
449 1792 554 1845 quod
570 1793 619 1830 ab
637 1793 845 1831 oratoribus
864 1792 1030 1831 civitates
1054 1799 1091 1830 et
1109 1792 1218 1830 initio

110 1847 343 1895 constitutas,
356 1853 394 1885 et
406 1859 505 1898 saepe
518 1853 765 1894 conservatas,
779 1858 856 1884 esse
867 1845 1017 1890 dixisti;
1038 1845 1215 1893 alterum,

109 1900 226 1951 quod,
245 1907 390 1938 remoto
407 1900 503 1949 foro,
523 1899 712 1961 concione,
734 1899 900 1948 judiciis,
926 1905 1073 1946 senatu,
1099 1905 1217 1936 statu-

109 1953 186 2001 isti,
204 1960 389 1992 oratorem
403 1953 443 1991 in
454 1953 560 1991 omni
573 1965 709 2003 genere
723 1952 904 1990 sermonis
918 1959 956 1990 et
968 1951 1216 1989 humanitatis

109 2019 188 2045 esse
205 2006 425 2058 perfectum.
455 2005 555 2053 Quis
578 2006 678 2044 enim
705 2005 775 2044 tibi
799 2006 870 2043 hoc
894 2004 1126 2052 concesserit,
1147 2012 1214 2042 aut

108 2059 216 2098 initio
232 2072 352 2110 genus
374 2060 576 2098 hominum
600 2059 640 2096 in
659 2059 852 2097 montibus
871 2071 914 2096 ac
936 2057 1038 2096 silvis
1056 2049 1214 2108 dissipa-

106 2119 207 2160 tum,
237 2125 313 2151 non
343 2113 589 2164 prudentium
616 2112 779 2150 consiliis
803 2112 1043 2162 compulsum
1071 2110 1211 2161 potius,

106 2178 225 2217 quam
261 2166 484 2207 disertorum
521 2165 686 2206 oratione
722 2165 945 2214 delenitum,
985 2176 1023 2203 se
1061 2163 1210 2215 oppidis
