1407 2324
249 61 327 101 DE
354 59 1061 109 0RATORE‚1211³.111.CA1›.4.
1133 65 1210 103 293

101 167 257 219 publica
269 168 420 220 pariter,
434 174 471 206 et
484 180 572 206 cum
585 166 653 205 illa
667 167 782 206 simul
793 167 995 207 exstinctus
1010 181 1087 207 esse
1098 169 1200 208 vide-

101 229 199 259 atur.
228 222 366 274 Neque
384 222 484 260 enim
495 221 753 273 propinquum
765 234 892 268 suum,
907 222 1067 260 maximi
1079 223 1198 262 animi

101 273 240 322 virum,
256 275 300 313 P.
317 275 510 321 Crassum,
530 274 664 324 suapte
677 274 914 312 interfectum
926 287 1057 323 manu,
1073 288 1197 326 neque

98 327 250 379 collegae
268 328 340 375 sui,
360 327 545 379 pontificis
563 328 737 375 maximi,
754 328 934 377 sanguine
953 329 1195 367 simulacrum

99 379 224 418 Vestae
243 394 451 432 respersum
470 393 559 428 esse,
574 381 690 418 vidit:
721 381 782 418 cui
795 382 943 418 moerori
958 382 1051 432 (qua
1069 390 1196 420 mente

98 432 163 470 ille
181 433 221 471 in
239 435 401 485 patriam
423 435 513 481 fuit)
533 434 646 471 etiam
666 434 710 472 C.
731 434 926 480 Carbonis,
947 435 1194 473 inimicissimi

100 485 278 535 hominis,
299 488 430 526 eodem
454 488 521 525 illo
543 487 606 524 die
630 500 730 524 mors
755 487 897 524 nefaria
921 487 1062 525 fuisset.
1103 489 1196 526 Non

99 539 193 576 vidit
210 552 340 578 eorum
358 541 542 591 ipsorum,
564 540 630 591 qui
647 548 730 577 tum
742 540 990 578 adolescentes
1003 541 1137 578 Crasso
1155 554 1194 579 se

97 591 281 641 dicarant,
301 594 497 632 horribiles
515 593 744 644 miserosque
762 606 878 630 casus.
907 593 971 630 Ex
990 594 1128 644 quibus
1147 594 1192 632 C.

98 644 225 693 Cotta,
246 659 360 697 quem
379 647 444 684 ille
467 647 662 684 florentem
680 647 894 696 reliquerat,
914 647 1043 696 paucis
1062 646 1194 685 diebus

96 706 182 748 post
198 708 360 737 mortem
375 699 500 738 Crassi
518 700 696 750 depulsus
709 712 775 749 per
788 699 970 736 invidiam
983 699 1192 760 tribunatu,

96 762 172 788 non
190 752 321 790 multis
339 754 387 791 ab
406 765 450 791 eo
468 760 635 803 tempore
653 752 845 790 mensibus
863 753 1001 800 ejectus
1020 760 1074 789 est
1097 765 1118 790 e
1143 753 1194 790 ci-

94 804 218 842 vitate.
246 805 436 856 Sulpicius
447 814 588 852 autem,
602 805 668 855 qui
679 805 716 842 in
731 805 861 842 eadem
875 804 1026 842 invidiae
1037 805 1194 843 flamma

94 855 238 904 fuisset,
260 858 486 909 quibuscum
514 859 681 918 privatus
705 857 1007 906 conjunctissime
1032 858 1190 905 vixerat,

93 909 162 948 hos
189 910 229 947 in
257 911 451 949 tribunatu
479 912 636 962 spoliare
662 910 824 948 instituit
850 911 955 948 omni
978 910 1188 960 dignitate:

92 963 156 999 cui
174 963 342 1013 quidem,
363 964 411 1002 ad
436 977 625 1002 summam
647 964 806 1014 gloriam
825 964 1047 1014 eloquentiae
1065 964 1190 1002 flores-

93 1015 206 1063 centi,
226 1015 324 1055 ferro
346 1025 473 1068 erepta
490 1017 567 1055 vita
591 1024 659 1064 est,
680 1024 716 1054 et
741 1029 851 1067 poena
869 1016 1087 1054 temeritatis
1112 1029 1188 1055 non

92 1068 173 1106 sine
190 1081 330 1120 magno
347 1071 562 1121 reipublicae
579 1070 680 1108 malo
699 1070 910 1107 constituta.
938 1069 1024 1119 Ego
1036 1083 1122 1108 vero
1136 1078 1188 1117 te,

93 1121 240 1170 Crasse,
255 1136 343 1161 cum
362 1124 447 1161 vitae
465 1124 568 1171 flore,
583 1131 668 1161 tum
678 1123 808 1160 mortis
822 1123 1114 1173 opportunitate,
1131 1123 1187 1161 di-

93 1174 181 1213 vino
199 1176 353 1214 consilio
377 1184 414 1214 et
435 1184 561 1215 ortum
586 1185 623 1214 et
647 1176 872 1214 exstinctum
899 1189 976 1214 esse
1000 1176 1183 1214 arbitror:

92 1239 183 1265 nam
202 1229 272 1267 tibi
295 1237 375 1277 aut,
401 1242 470 1280 pro
494 1230 632 1267 virtute
655 1229 773 1267 animi
801 1229 1083 1279 constantiaque
1105 1229 1187 1276 tufi,

91 1280 210 1319 civilis
228 1282 316 1320 ferri
334 1283 529 1321 subeunda
551 1283 626 1320 fuit
649 1281 871 1327 crudelitas3
902 1288 981 1329 aut,
1002 1282 1032 1318 si
1057 1294 1133 1332 qua
1151 1289 1189 1320 te

91 1333 244 1372 fortuna
261 1337 308 1373 ab
331 1336 523 1373 atrocitate
545 1336 676 1373 mortis
701 1334 935 1382 vindicasset,
961 1334 1092 1372 eadem
1110 1348 1188 1373 esse

91 1393 129 1424 te
147 1386 324 1425 funerum
342 1388 473 1438 patriae
495 1396 738 1438 spectatorem
757 1388 957 1437 coe'gisset:
988 1399 1110 1437 neque
1127 1401 1186 1425 so-

92 1439 176 1476 lum
194 1440 263 1478 tibi
281 1441 538 1491 improborum
557 1441 785 1487 dominatus,
805 1440 869 1478 sed
887 1440 1014 1488 etiam,
1033 1448 1186 1490 propter

91 1492 303 1583 ῗᾶξιιίκαιῐῐι
320 1494 461 1532 civium
477 1493 633 1544 caedem,
646 1495 832 1532 bonorum
851 1493 1016 1542 victoria,
1035 1494 1185 1532 moerori

110 1553 234 1584 uisset.

145 1599 220 1637 1v.
249 1598 354 1637 Mihi
372 1599 540 1651 quidem,
560 1599 704 1647 Quinte
721 1598 848 1647 frater,
864 1605 901 1637 et
918 1610 1048 1637 eorum
1062 1611 1182 1648 casus,

90 1651 140 1690 de
156 1652 295 1704 quibus
312 1660 400 1691 ante
410 1653 504 1701 dixi,
518 1660 555 1691 et
568 1666 612 1690 ea
622 1666 706 1704 quae
718 1652 934 1702 nosmetipsi
948 1653 996 1690 ob
1015 1665 1183 1692 amorem

91 1705 131 1743 in
150 1706 422 1757 rempublicam
439 1706 695 1744 incredibilem
721 1712 757 1744 et
781 1705 1010 1755 singularem
1027 1706 1184 1755 pertuli-

90 1769 178 1796 mus
195 1771 238 1797 ac
256 1759 454 1807 sensimus,
473 1759 665 1810 cogitanti,
686 1759 867 1797 sententia
891 1771 989 1808 saepe
1013 1765 1079 1798 tua
1096 1771 1184 1797 vera

90 1823 135 1850 ac
152 1812 298 1863 sapiens
315 1812 433 1850 videri
450 1813 557 1860 solet,
577 1813 657 1863 qui,
676 1818 827 1863 propter
844 1818 913 1859 tot,
932 1818 1069 1859 tantos,
1085 1818 1183 1849 tam.

90 1876 166 1915 que
183 1865 390 1926 praecipites
408 1878 514 1903 casus
538 1865 828 1904 clarissimorum
851 1839 1051 1902 hoininum
1069 1873 1184 1914 atque

90 1917 321 1968 optimorum
335 1918 514 1965 virorum,
529 1931 592 1956 me
606 1931 751 1969 semper
765 1920 812 1956 ab
827 1917 931 1955 omni
949 1917 1184 1956 contentione

91 1970 378 2010 acdimicatione
385 1971 573 2009 revocasti.
595 1971 683 2020 Sed,
693 1971 871 2022 quoniam
882 1970 983 2007 haec
970 1981 1050 2018 Jam
1062 1976 1185 2021 neque

90 2022 131 2060 in
142 2022 286 2074 integro
297 2024 404 2063 nobis
422 2037 500 2062 esse
512 2032 681 2075 possunt,
697 2031 734 2062 et
747 2023 887 2062 summi
898 2023 1042 2060 labores
1053 2025 1184 2072 nostri,

91 2076 232 2126 magna
248 2077 477 2129 compensati
493 2078 627 2128 gloria,
645 2077 892 2127 mitigantu13
919 2088 1118 2126 pergamus
1136 2077 1186 2115 ad

91 2139 137 2167 ea
153 2129 297 2181 solatia,
317 2143 403 2183 quae
417 2143 493 2170 non
506 2131 634 2181 modo,
648 2130 783 2171 sedatis
794 2129 988 2220 molestiis,
1004 2129 1186 2178 jucunda,

752 2184 776 2221 2
798 2193 821 2221 c
