1407 2334
216 115 294 156 DE
321 116 613 167 ORATORE,
644 117 742 156 ιη.
763 117 821 156 11.
850 117 955 156 CAP.
975 117 1038 156 60.
1093 117 1171 154 255

78 221 154 260 dax
181 222 433 262 Memmius.”
478 223 704 274 Perspicitis,
734 224 805 262 hoc
832 235 951 275 genus
978 235 1095 275 quam
1124 221 1173 259 sit

80 274 257 324 facetum,
286 289 403 327 quam
427 277 589 328 elegans,
618 290 734 328 quam
764 277 981 327 oratorium,
1010 276 1087 314 sive
1104 275 1173 312 ha-

81 329 181 375 beaS,
197 342 280 367 vere
299 330 400 380 quod
418 343 566 367 narrare
580 331 696 381 possis
717 331 836 381 (quod
854 337 979 367 tamen
999 337 1053 367 est
1066 340 1173 365 men-

80 379 310 420 daciunculis
329 382 660 434 adspergendum),
681 384 756 421 sive
775 384 905 433 fingas.
948 383 1019 420 Est
1043 388 1172 419 autem

81 433 160 471 haec
178 435 291 483 hujus
310 437 453 485 generis
473 437 602 483 virtus,
624 443 667 473 ut
684 437 736 474 ita
754 436 852 474 facta
869 436 1113 481 demonstres,
1129 440 1174 470 ut

80 498 201 525 mores
233 489 327 537 ejus,
360 489 406 526 de
438 502 513 539 quo
544 501 683 537 narres,
717 496 760 526 ut
792 502 925 536 sermo,
963 496 1006 526 ut
1032 487 1173 534 vultus,

83 551 212 578 omnes
238 542 509 591 exprimantur,
541 549 584 579 ut
613 543 672 589 iis,
699 542 765 592 qui
793 542 964 589 audiunt,
992 549 1074 578 tum
1094 538 1173 590 geri

81 590 149 629 illa
177 593 331 644 fierique
356 595 562 632 videantur.
607 595 653 631 In
684 608 723 632 re
754 602 808 631 est
836 595 927 632 item
956 593 1174 640 ridiculum,

82 646 183 695 quod
213 660 260 684 ex
289 647 453 697 quadam
479 648 680 698 depravata
705 648 911 685 imitatione
940 647 1040 685 sumi
1068 646 1173 693 solet,

81 705 126 734 ut
150 698 250 737 idem
276 699 445 747 Crassus,
475 703 502 722 “
522 714 588 750 per
607 707 712 737 tuam
736 700 985 747 nobilitatem,
1011 711 1077 750 per
1095 711 1176 736 ves-

84 757 182 789 tram
215 752 440 790 familiam.’'
482 753 588 800 Quid
614 753 718 804 aliud
750 753 837 801 fuit,
870 754 910 790 in
941 765 1017 803 quo
1049 751 1178 789 concio

85 803 234 851 rideret,
264 806 336 843 nisi
354 806 420 843 illa
433 807 558 844 vultus
577 815 613 844 et
628 807 725 844 vocis
739 806 929 844 imitatio?
960 808 987 827 “
1002 805 1075 842 Per
1093 811 1178 841 tuas

83 859 249 895 statuas''
265 871 351 896 vero
370 871 457 896 cum
469 859 579 906 dixit,
601 866 637 896 et
649 866 798 896 extento
810 858 961 896 brachio
975 857 1177 908 paululum

83 909 196 947 etiam
225 910 271 948 de
299 918 406 961 gestu
435 912 592 959 addidit,
619 911 875 950 vehementius
903 911 1065 948 risimus.
1111 910 1178 948 Ex

82 961 154 1000 hoc
178 975 311 1013 genere
333 972 387 1002 est
404 965 470 1002 illa
489 965 674 1002 Rosciana
698 963 857 1002 imitatio
884 964 1004 1002 senis:
1035 965 1063 985 ‘⁶
1083 962 1177 1001 Tibi

83 1027 166 1065 ego,
193 1016 380 1067 Antipho,
407 1017 474 1056 has
500 1018 622 1065 sero,’'
648 1018 796 1068 inquit:
827 1017 973 1054 senium
992 1023 1060 1064 est,
1089 1028 1179 1053 cum

83 1068 207 1106 audio.
249 1069 382 1121 Atque
409 1070 463 1108 ita
492 1078 547 1108 est
570 1077 693 1108 totum
722 1071 792 1108 hoc
817 1070 898 1120 ipso
926 1082 1060 1120 genere
1088 1068 1179 1105 ridi-

83 1121 227 1169 culum,
247 1130 292 1160 ut
309 1123 520 1161 cautissime
538 1123 775 1162 tractandum
793 1123 852 1161 sit.
883 1122 1106 1167 *Mimorum
1125 1128 1180 1159 est

83 1174 185 1211 enim
215 1175 487 1226 ethologorum,
516 1177 546 1214 si
571 1177 689 1214 nimia
714 1183 768 1214 est
792 1176 965 1224 imitatio,
992 1175 1087 1213 sicut
1112 1176 1180 1212 ob-

83 1227 263 1266 scoenitas.
303 1228 441 1267 Orator
470 1229 646 1280 surripiat
673 1235 818 1280 oportet
846 1228 1110 1275 imitationem,
1136 1233 1181 1264 ut

84 1279 130 1327 is,
158 1280 225 1331 qui
248 1282 391 1329 audiat,
418 1283 555 1332 cogitet
575 1283 699 1333 plura,
720 1294 837 1333 quam
856 1281 1003 1319 videat:
1032 1285 1182 1331 praestet

85 1331 186 1370 idem
204 1333 475 1383 ingenuitatem
493 1342 530 1373 et
544 1337 718 1373 ruborem
737 1347 863 1381 suum,
883 1336 1084 1372 verborum
1101 1340 1185 1371 tur-¹

86 1385 257 1435 pitudine
275 1394 312 1424 et
330 1399 456 1424 rerum
474 1388 709 1425 obscoenitate
727 1387 891 1425 vitanda.

139 1437 230 1475 LX.
258 1439 362 1489 Ergo
393 1439 473 1478 haec
505 1440 581 1477 duo
613 1453 749 1490 genera
780 1447 869 1477 sunt
901 1440 982 1488 ejus
1017 1437 1181 1486 ridiculi,

87 1490 190 1540 quod
207 1491 247 1528 in
266 1504 305 1529 re
318 1493 483 1542 positum
503 1500 579 1531 estt
610 1506 695 1544 quae
714 1499 801 1530 sunt
818 1492 969 1542 propria
985 1499 1183 1542 perpetua-

87 1555 174 1580 rum
202 1543 434 1592 facetiarum,
462 1546 501 1583 in
531 1546 668 1596 quibus
697 1545 956 1583 describuntur
982 1544 1183 1582 hominum

87 1608 222 1645 mores,
252 1605 288 1635 et
305 1598 358 1635 ita
376 1599 618 1648 effinguntur,
645 1605 690 1636 ut
707 1605 787 1646 aut,
807 1611 846 1635 re
871 1597 1020 1635 narrata
1038 1597 1180 1647 aliqua,

90 1649 218 1698 quales
244 1650 331 1697 sint,
359 1651 641 1701 intelligantur;
671 1659 750 1698 aut,
777 1650 985 1688 imitatione
1001 1650 1105 1688 brevi
1124 1650 1184 1686 in-

85 1702 199 1749 jecta,
218 1703 258 1740 in
273 1703 398 1754 aliquo
413 1704 550 1753 insigni
569 1704 616 1741 ad
634 1703 867 1740 irridendum
885 1703 975 1740 vitio
995 1703 1183 1753 reperian-

90 1760 163 1791 tur.
194 1754 242 1793 In
261 1755 359 1794 dicto
377 1763 504 1794 autem
518 1756 721 1794 ridiculum
740 1763 794 1792 est
811 1756 864 1803 id,
881 1755 982 1805 quod
997 1756 1101 1793 verbi
1120 1761 1186 1792 aut

90 1808 280 1845 sententiae
299 1808 464 1858 quodam
483 1810 655 1846 acumine
669 1815 851 1845 movetur.
881 1808 969 1855 Sed,
990 1815 1046 1856 ut,
1062 1809 1102 1845 in
1117 1808 1184 1844 illo

90 1860 277 1909 superiore
300 1873 434 1912 genere
460 1862 518 1899 vel
542 1861 761 1899 narrationis
790 1861 850 1898 vel
872 1861 1105 1908 imitationis,
1132 1859 1187 1897 vi-

91 1912 205 1950 tanda
223 1921 278 1951 est
295 1913 500 1952 mimorum
518 1914 777 1964 ethologorum
796 1913 1027 1958 similitudo;
1056 1913 1122 1960 sic,
1145 1912 1186 1950 in

90 1963 174 2013 hoc,
203 1966 366 2004 scurrilis
394 1967 530 2005 oratori
554 1967 728 2005 dicacitas
751 1978 979 2016 magnopere
1006 1965 1186 2016 fugienda

92 2023 158 2054 est.
203 2017 287 2065 Qui
305 2019 420 2070 igitur
438 2019 712 2070 distinguemus
729 2032 753 2056 a
770 2019 918 2066 Crasso,
947 2032 969 2056 a
987 2018 1138 2066 Catulo,
1164 2030 1188 2054 a

92 2069 248 2117 caeteris,
263 2070 487 2111 familiarem
515 2079 694 2120 vestrum,
714 2071 916 2118 Granium,
945 2078 1011 2108 aut
1036 2070 1188 2121 Vargu-

96 2121 191 2167 lam,
205 2123 369 2163 amicum
387 2128 547 2164 meum?
577 2125 682 2173 Non,
708 2123 933 2171 mehercule,
959 2123 998 2160 in
1024 2130 1189 2162 mentem

104 2173 200 2212 mihi
217 2175 370 2226 quidem
388 2178 489 2216 venit
502 2193 513 2215 ι
534 2185 622 2218 sunt
639 2177 741 2215 enim
760 2176 928 2222 dicaces;
950 2175 1092 2214 Granio
1109 2176 1194 2227 qui-
