1429 2344
142 55 221 94 202
282 52 360 94 DE
389 52 685 104 ORATORE,
715 52 893 94 1.11³.11.
922 52 1026 95 CAP.
1050 53 1111 93 11.

196 162 376 224 Sequitur
393 162 523 213 igitur,
540 162 722 214 quoniam
740 162 848 202 nobis
867 169 922 201 est
938 162 1014 212 hic,
1033 161 1080 201 de
1098 173 1175 214 quo
1191 159 1248 200 lo-

143 216 313 268 quimur,
339 217 380 254 in
407 217 489 255 foro
515 223 630 268 atque
653 217 694 255 in
719 216 837 256 0011113
861 216 1002 256 civium
1019 215 1249 255 constituen-

144 270 231 319 dus,
265 277 309 307 ut
337 269 546 331 videamus,
578 270 672 321 quid
703 270 738 309 ei
765 270 905 319 negotii
934 270 1082 317 demus,
1112 269 1250 321 cuique

144 336 233 362 eum
247 323 398 362 muneri
412 324 573 361 velimus
587 336 665 362 esse
681 323 938 374 praepositum.
968 322 1074 360 Nam
1093 319 1252 360 Crassus

143 375 240 426 heri,
256 389 345 416 cum
363 390 443 425 vos,
459 376 596 415 Catule
615 383 651 415 et
671 377 810 423 Caesar,
830 388 907 414 non
920 375 1109 424 adessetis,
1124 374 1252 426 posuit

145 430 336 469 breviter
325 443 366 468 111
385 431 473 469 artis
491 430 754 469 distributione
771 430 888 478 idem,
907 429 1011 481 quod
1029 428 1154 467 Graeci
1170 428 1252 480 ple-

146 484 256 536 rique
279 491 512 535 posuerunt:
542 497 667 536 neque
686 497 774 523 sane
792 484 886 535 quid
903 483 983 535 ipse
1001 483 1167 531 sentiret,
1187 481 1252 520 sed

145 538 243 589 quid
261 540 309 576 ab
328 538 404 576 illis
430 538 628 599 diceretur,
655 537 840 576 ostendit.
870 537 946 575 duo
969 537 1094 588 prima
1117 548 1255 588 genera

149 592 404 644 quaestionum
435 605 526 641 esse,
556 592 597 630 in
627 591 766 644 quibus
791 591 1005 643 eloquentia
1032 597 1254 638 versaretur,

148 658 274 683 unum
301 645 509 695 infinitum,
535 646 698 684 alterum
728 652 885 684 certum.
933 644 1136 683 Infinitum
1159 642 1257 681 1111111

151 699 351 738 videbatur
374 699 415 738 id
440 699 576 750 dicere,
602 700 643 738 in
662 713 739 752 quo
757 698 902 751 aliquid
919 698 1126 750 generatim
1151 710 1256 749 quae-

150 759 308 802 reretur,
337 753 409 792 hoc
432 754 571 793 modo:
601 753 876 806 Expetendane
898 759 992 791 esset
1010 751 1255 812 eloquentia?

151 807 401 859 expetendine
418 807 610 846 honores?
630 814 776 847 certum
793 814 937 855 autem,
955 806 997 844 in
1015 818 1092 858 quo
1109 804 1227 857 (1111(1
1216 817 1257 843 111

151 861 336 912 personis,
357 868 393 900 et
410 861 451 899 in
470 861 674 900 constituta
691 874 732 899 re
749 868 787 899 et
803 861 974 909 definita,
1002 866 1256 921 quaereretur·-
1243 887 1258 904 ,

153 915 368 964 cujusmodi
393 922 496 964 sunt,
522 929 609 967 quae
632 915 674 953 in
691 915 773 954 foro
791 922 904 967 atque
921 915 963 952 in
980 914 1121 953 civium
1139 912 1261 951 causis

151 968 559 1029 disceptationibusque
594 976 801 1008 versantur.
857 969 918 1007 Ea
952 968 1050 1006 mihi
1085 966 1261 1005 videntur

153 1029 222 1060 aut
250 1022 290 1060 in
322 1023 390 1061 lite
418 1023 642 1084 ordinanda,
675 1030 742 1061 aut
770 1022 810 1060 in
838 1022 992 1061 consilio
1018 1020 1158 1070 dando,
1183 1032 1263 1058 esso

153 1076 299 1127 posita:
320 1089 412 1114 nam
437 1077 533 1114 illud
552 1077 722 1125 tertium,
747 1076 851 1128 quod
869 1083 906 1114 et
923 1089 946 1114 a
965 1075 1100 1114 Crasso
1117 1081 1262 1113 tactum

155 1136 224 1178 est,
263 1137 300 1168 et
332 1132 393 1173 (ut
424 1130 554 1178 audio)
591 1131 656 1168 ille
690 1130 771 1181 ipse
805 1130 1043 1178 Aristoteles,
1073 1129 1141 1181 qui
1179 1128 1262 1167 haec

155 1183 326 1221 maxime
354 1184 570 1233 illustravit,
597 1184 786 1233 adjunxit,
814 1183 960 1222 etiamsi
985 1196 1081 1234 opus
1106 1190 1174 1231 est,
1205 1188 1262 1220 ta·

159 1249 250 1275 men
271 1237 400 1276 minus
418 1245 474 1276 est
491 1238 753 1276 necessarium.
795 1237 1025 1286 Quidnam?
1044 1237 1170 1288 inquit
1188 1235 1263 1274 Ca-

157 1291 287 1337 tulus3
321 1303 370 1330 an
394 1291 659 1330 laudationes?
688 1291 728 1330 id
757 1291 859 1330 enim
889 1290 997 1330 video
1022 1291 1116 1343 poni
1143 1302 1263 1342 genus

160 1344 328 1383 tertium.

211 1398 289 1438 XI.
319 1398 395 1447 Ita,
423 1398 548 1450 inquit
573 1398 792 1445 Antonius3
822 1405 859 1437 et
881 1398 922 1436 in
948 1409 992 1437 eo
1015 1397 1172 1450 quidem
1198 1410 1265 1448 ge-

158 1464 247 1490 nere
276 1452 351 1491 3010
376 1459 413 1490 et
430 1465 506 1501 me,
528 1460 565 1491 et
589 1465 720 1491 omnes
744 1452 811 1504 qui
835 1452 1040 1501 affuerunt,
1065 1452 1267 1490 delectatos

159 1518 238 1544 esse
256 1506 511 1555 vehementer,
538 1519 627 1545 cum
645 1509 712 1545 abs
730 1514 767 1545 te
785 1513 841 1544 est
859 1506 1022 1558 Popilia,
1042 1513 1163 1545 mater
1185 1518 1268 1545 ves-

160 1565 232 1608 tra,
261 1559 439 1605 laudata3
469 1560 531 1598 cui
548 1560 718 1611 primum
736 1560 889 1599 mulieri
905 1560 1008 1598 hunc
1024 1559 1207 1598 honorem
1225 1559 1267 1598 in

160 1613 289 1650 nostr‘ssa
303 1613 452 1651 civitate
470 1615 657 1652 tributum
676 1622 794 1665 puto:
824 1613 889 1652 sed
906 1626 982 1652 non
1000 1613 1142 1663 omnia,
1161 1626 1266 1665 quae-

159 1679 325 1717 cumque
356 1667 564 1718 loquimur,
594 1668 692 1705 mihi
719 1668 895 1706 videntur
926 1667 974 1705 ad
1005 1674 1125 1705 artem
1153 1674 1190 1705 et
1216 1665 1266 1705 ad

158 1727 346 1771 praecepta
382 1733 459 1759 esse
494 1721 713 1759 revocanda.
760 1721 826 1760 Ex
856 1720 916 1759 his
949 1721 1051 1759 enim
1082 1720 1266 1768 fontibus,

161 1774 264 1811 unde
281 1774 410 1812 omnia
427 1782 557 1812 ornate
574 1775 723 1813 dicendi
739 1781 926 1826 praecepta
939 1780 1158 1823 sumuntur,
1176 1773 1267 1812 lice-

161 1827 219 1865 bit
242 1827 358 1865 etiam
382 1827 640 1867 laudationem
667 1840 813 1877 ornare,
839 1839 962 1880 neque
987 1827 1055 1866 illa
1081 1827 1270 1866 elementa

163 1880 398 1926 desiderare;
429 1894 516 1932 quae
539 1889 583 1920 ut
608 1894 722 1920 nemo
740 1881 877 1929 tradat,
904 1881 989 1933 quis
1014 1888 1082 1929 est,
1109 1881 1178 1932 qui
1200 1893 1268 1919 ne-

163 1935 269 1983 sciat,
290 1948 377 1986 quae
395 1935 470 1973 sint
487 1935 527 1973 in
545 1935 699 1974 homine
715 1935 936 1974 laudanda?
953 1935 1091 1974 Positis
1104 1934 1206 1973 enim
1223 1935 1270 1974 iis

162 1990 289 2037 rebus,
321 2002 415 2040 quas
443 1988 600 2027 Crassus
630 1990 670 2027 in
697 1988 800 2028 illius
824 1988 1002 2027 orationis
1032 2001 1123 2036 suae,
1150 2001 1268 2039 quam

161 2049 292 2080 contra
301 2043 485 2093 collegam
499 2055 628 2081 censor
638 2043 786 2092 habuit,
802 2042 986 2094 principio
997 2041 1108 2089 dixit,
1126 2044 1154 2064 “
1167 2041 1269 2090 Quae

161 2095 299 2134 natura
323 2103 390 2134 aut
413 2096 566 2134 fortuna
582 2096 760 2135 darentur
778 2096 1010 2145 hominibus,
1030 2095 1070 2133 in
1088 2095 1133 2134 iis
1151 2097 1263 2134 rebus

160 2161 200 2188 se
226 2149 325 2189 vinci
350 2162 457 2202 posse
482 2150 610 2190 animo
635 2163 743 2203 aequo
769 2149 872 2203 pati=
903 2163 989 2203 quae
1014 2149 1087 2202 ipsi
1106 2149 1177 2188 sibi
1201 2148 1271 2188 ho·
