1429 2344
196 70 276 114 376
304 69 381 109 DE
403 70 608 110 CLARIS
627 69 1016 119 ORATORIBUS,
1037 70 1141 146 CAi‘.
1162 69 1227 106 22.

197 190 272 227 que
296 178 453 228 primas,
481 179 623 229 priores
648 185 776 217 tamen
794 179 956 217 libenter
975 140 1150 216 deferunt
1168 174 1301 213 Laelio.

198 231 283 268 Nec
298 232 393 269 mihi
408 240 626 271 caeterorum
638 233 781 281 judicio
796 233 919 270 solum
934 232 1095 279 videtur,
1111 229 1176 268 sed
1190 227 1303 266 etiam

197 283 368 333 ipsorum
399 285 496 323 inter
527 286 627 336 ipsos
655 299 845 333 concessu,
880 286 934 323 ita
962 285 1149 323 tributum
1175 281 1302 319 fuisse.

198 336 295 374 Erat
320 339 475 377 omnino
501 347 584 377 tum
609 352 705 387 mos,
731 347 775 377 ut
792 339 832 376 in
851 338 1006 390 reliquis
1024 340 1135 376 rebus
1153 334 1301 381 melior,

198 390 250 428 sic
269 391 309 427 in
327 392 427 429 hoc
418 406 499 443 ipso
525 393 741 442 humanior,
768 400 813 431 ut
838 391 966 430 faciles
991 398 1112 430 essent
1130 390 1168 428 in
1189 400 1303 426 suum

197 443 336 494 cuique
355 445 567 484 tribuendo.

253 497 396 535 XXII.
427 499 620 537 Memoria
644 508 767 545 teneo,
796 500 970 551 Smyrnae
991 511 1054 536 me
1078 511 1125 536 ex
1151 498 1197 535 P.
1218 497 1303 534 Ru-

197 550 281 588 tilio
301 552 406 589 Rufo
425 553 588 601 audisse,
609 567 697 591 cum
722 554 873 599 diceret,
894 552 1168 590 adolescentulo
1187 564 1225 588 se
1243 563 1304 588 ac-

198 604 345 652 cidisse,
376 613 420 643 ut
438 619 484 643 ex
505 608 842 645 senatus-consulto
862 607 906 644 P.
929 606 1054 656 Scipio
1073 613 1110 643 et
1128 604 1180 642 D.
1201 604 1303 642 Bru-

197 664 260 694 tus
281 661 340 700 (ut
358 660 506 709 opinor)
527 662 696 698 consules
712 661 758 698 de
776 673 816 698 re
831 660 946 697 atroci
964 659 1181 709 magnaque
1199 670 1303 708 quae-

198 719 334 748 rerent.
383 713 488 750 Nam
519 726 607 751 cum
636 715 676 751 in
706 714 801 751 silva
826 713 906 751 Sila
929 713 1028 750 facta
1053 712 1170 750 caedes
1195 718 1302 757 esset,

197 765 354 825 notique
372 765 543 804 homines
558 767 756 814 interfecti,
772 767 1130 817 insimulareturque
1143 764 1302 811 familia,

197 819 338 868 partim
364 819 477 856 etiam
502 820 624 867 liberi,
653 821 836 858 societatis
862 821 957 868 ejus,
977 833 1064 871 quae
1081 818 1238 870 picarias
1256 817 1303 854 de

197 871 243 908 P.
265 872 454 920 Cornelio,
476 874 524 914 L.
539 874 736 912 Mummio
756 874 970 914 censoribus
988 872 1218 919 redemisset,
1238 870 1303 908 de-

196 926 352 963 crevisse
371 934 559 975 senatum,
581 935 624 965 ut
642 928 689 965 de
708 941 752 966 ea
770 941 810 965 re
828 933 1091 978 cognoscerent
1110 933 1146 963 et
1165 931 1303 963 statue-

195 986 280 1016 rent
307 981 502 1025 consules3
532 994 684 1019 causam
712 994 780 1032 pro
807 980 1020 1031 publicanis
1046 986 1231 1025 accurate,
1259 984 1303 1015 ut

195 1044 344 1083 semper
371 1009 502 1071 solitus⁹
529 1042 635 1080 esset,
666 1035 929 1085 eleganterque
955 1033 1095 1071 dixisse
1121 1031 1300 1070 Laelium.

194 1084 298 1123 Cum
317 1087 500 1133 consules,
516 1100 555 1125 re
574 1088 717 1136 audita,
740 1090 767 1110 ‘4
783 1087 974 1138 amplius'’
994 1086 1040 1124 (18
1058 1085 1202 1124 consilii
1217 1097 1302 1122 sen-

194 1139 314 1176 tentia
342 1140 711 1190 pronuntiavissent3
741 1141 870 1192 paucis
897 1140 1124 1190 interpositis
1152 1139 1299 1185 diebus,

193 1191 333 1229 iterum
354 1193 520 1231 Laelium
538 1195 662 1232 multo
681 1195 898 1245 diligentius
916 1193 1128 1244 meliusque
1146 1191 1299 1239 dixisse,

192 1245 408 1297 iterumque
433 1247 565 1284 eodem
591 1247 706 1285 modo
731 1261 754 1285 a
778 1248 994 1286 consulibus
1016 1259 1097 1284 rem
1116 1258 1195 1284 esse
1212 1258 1301 1296 pro-

192 1298 324 1337 latam.
366 1299 473 1337 Tum
504 1300 685 1349 Laelium,
717 1314 805 1339 cum
831 1313 919 1339 eum
945 1300 1034 1338 socii
1057 1300 1218 1337 domum
1242 1311 1300 1336 re-

192 1351 403 1401 duxissent,
431 1353 666 1405 egissentque
684 1355 836 1405 gratias,
867 1362 916 1401 et,
945 1366 993 1391 ne
1015 1353 1298 1404 defatigaretur,

191 1406 410 1454 oravissent,
430 1407 601 1445 locutum
618 1421 699 1447 „esse
717 1408 794 1446 ita:
827 1411 855 1429 ‘⁶
875 1421 927 1455 se,
948 1421 1035 1459 quae
1052 1407 1211 1455 fecisset,
1230 1405 1299 1443 ho-

190 1459 292 1499 noris
312 1473 443 1498 eorum
463 1461 588 1508 causa,
606 1461 784 1509 studiose,
799 1467 1046 1511 accurateque
1059 1460 1213 1505 fecisse3
1235 1459 1300 1497 sed

193 1525 231 1550 se
257 1513 443 1559 arbitrari,
471 1527 622 1555 (331153111
647 1515 755 1553 1113111
780 1528 803 1552 3
828 1515 906 1553 Ser.
929 1514 1068 1575 Galba,
1088 1514 1220 1565 quod
1209 1526 1240 1551 1s
1258 1513 1299 1550 in

190 1566 349 1605 dicendo
367 1567 516 1617 gravior
533 1568 727 1619 acriorque
745 1575 853 1615 esset,
873 1567 1025 1618 gravius
1043 1575 1080 1605 et
1098 1567 1299 1605 vehemen-

190 1618 266 1656 tius
298 1633 406 1670 posse
438 1621 600 1658 defendi.
605 1622 630 1638 ''
679 1622 816 1672 Itaque
848 1621 1069 1659 auctoritate
1106 1619 1299 1658 C.Lae1ii

188 1673 410 1723 publicanos
437 1687 589 1711 causam
616 1675 793 1712 detulisse
812 1675 860 1712 ad
881 1674 1070 1712 Galbam:
1099 1674 1211 1711 illum
1229 1686 1298 1711 au-

189 1732 282 1771 tem,
311 1727 413 1777 quod
432 1727 466 1764 ei
485 1727 564 1765 viro
591 1728 866 1765 succedendum
892 1735 1000 1774 esset,
1027 1726 1235 1765 verecunde
1261 1736 1298 1765 et

186 1778 404 1817 dubitanter
424 1781 629 1830 recepisse:
651 1793 789 1828 unum,
807 1781 916 1831 quasi
930 1780 1296 1831 comperendinatus,

187 1833 360 1870 medium
386 1833 486 1871 diem
505 1834 633 1881 fuisse,
655 1847 770 1884 quem
789 1841 913 1871 totum
934 1834 1099 1871 Galbam
1118 1833 1158 1870 in
1178 1833 1299 1871 consi-

187 1885 355 1924 deranda
382 1887 507 1933 causa,
538 1887 874 1938 componendaque
905 1887 1098 1938 posuisse:
1128 1894 1179 1934 et,
1209 1900 1299 1925 cum

186 1940 409 1989 cognitionis
428 1940 506 1978 dies
525 1948 632 1985 esset,
654 1948 690 1977 et
708 1941 788 1991 ipse
808 1940 993 1987 Rutilius,
1021 1947 1155 1991 rogatu
1182 1941 1299 1979 socio-

186 2006 288 2039 rum,
309 1993 468 2031 domum
487 1993 535 2031 ad
555 1993 720 2031 Galbam
735 2007 848 2032 mane
867 1994 1040 2042 venisset,
1062 2001 1106 2031 ut
1124 2006 1213 2032 eum
1231 1994 1299 2032 ad-

186 2054 370 2093 moneret,
396 2054 432 2085 et
451 2047 497 2085 ad
517 2047 666 2085 dicendi
685 2054 835 2098 tempus
854 2047 1080 2092 adduceret;
1110 2061 1234 2099 usque
1251 2048 1299 2086 il-

183 2099 281 2145 lum,
298 2101 424 2150 quoad
439 2100 472 2138 ei
486 2101 708 2138 nuntiatum
728 2108 835 2148 esset,
856 2101 1027 2138 consules
1047 2100 1296 2149 descendisse,

181 2153 360 2192 omnibus
385 2153 559 2204 exclusis,
586 2161 884 2193 commentatum
911 2154 951 2192 in
982 2153 1153 2205 quadam
1179 2162 1298 2194 testu-
