1407 2308
241 108 318 148 DE
347 107 640 158 ORATORE,
670 108 769 148 LIB.
790 108 825 147 I.
855 107 959 147 CAP.
980 108 1045 147 29.
1120 107 1196 145 153

95 215 221 264 facies,
238 217 378 265 vultus,
395 228 519 254 sonus.
549 216 597 254 In
617 223 762 254 oratore
779 223 920 265 autem,
941 226 1098 253 acumen
1117 213 1199 251 dia-

96 269 327 318 lecticorum,
361 270 553 308 sententiae
579 269 903 320 philosophorum,
937 270 1051 306 verba
1081 279 1200 318 prope

96 326 309 373 poe‘tarum,
337 323 520 361 memoria
535 323 900 371 jurisconsultorum,
920 334 995 359 vox
1012 321 1198 371 tragoedo-

95 387 197 423 rum,
221 383 347 426 gestus
364 388 472 427 paene
489 388 726 414 summorum
745 382 910 413 actorum
932 382 986 412 est
1004 374 1196 425 requiren-

97 428 180 466 dus.
227 429 489 476 Quamobrem
514 429 609 466 nihil
634 429 673 466 in
695 429 895 466 hominum
921 440 1054 477 genere
1079 427 1198 464 rarius

97 481 260 532 perfecto
279 490 422 520 oratore
439 483 599 520 inveniri
617 490 760 533 potest:
791 495 877 532 quae
895 481 1010 528 enim,
1031 481 1198 530 singula-

96 547 185 572 rum
217 548 344 573 rerum
377 536 534 573 artifices
566 536 715 585 singula
746 535 776 572 si
808 534 1041 572 mediocriter
1072 532 1198 584 adepti

97 595 200 635 sunt,
228 590 448 639 probantur,
470 602 526 636 ea,
547 589 618 626 nisi
637 588 765 626 omnia
783 600 934 626 summa
951 594 1039 624 sunt
1057 586 1097 623 in
1116 599 1198 624 ora-

99 647 190 687 tore,
210 641 360 692 probari
379 654 454 679 non
473 649 640 692 possunt.

151 694 259 732 Tum
274 694 443 741 Crassus,
463 695 589 746 Atqui
608 694 705 743 vide,
725 694 862 745 inquit,
883 693 922 730 in
942 692 1096 731 artificio
1114 705 1199 743 per-

97 759 215 807 quarn
246 748 352 785 tenui
386 755 423 786 et
453 748 541 796 levi,
575 755 716 799 quanto
748 749 834 798 plus
867 746 1087 784 adhibeatur
1114 745 1201 782 dili-

97 800 248 850 gentiae,
277 813 393 852 quam
418 801 458 838 in
482 801 553 839 hac
579 814 631 849 re,
660 814 776 852 quam
803 807 945 838 constat
971 812 1048 837 esse
1076 799 1200 836 maxi-

97 865 214 890 mam.
254 854 362 904 Saepe
391 854 492 892 enim
522 854 621 892 soleo
650 854 779 891 audire
808 853 1003 900 Roscium,
1035 864 1122 889 curn
1147 851 1202 889 ita

97 906 210 954 dicat,
238 919 278 944 se
303 907 426 945 adhuc
452 907 611 958 repetire
636 907 878 958 discipulum,
905 917 1020 956 quem
1045 904 1201 956 quidem

95 961 285 1010 probaret,
314 960 479 1011 potuisse
508 960 725 1006 neminem3
755 972 831 997 non
863 972 939 1010 quo
972 970 1048 996 non
1082 964 1204 995 essent

96 1012 255 1063 quidam
273 1013 497 1063 probabiles,
525 1013 589 1051 sed
614 1013 718 1064 quia,
746 1013 776 1051 si
802 1011 946 1062 aliquid
969 1011 1083 1049 modo
1108 1017 1203 1048 esset

98 1065 195 1113 vitii,
224 1065 264 1102 id
281 1066 377 1104 ferre
395 1066 474 1117 ipse
492 1079 568 1104 non
593 1074 728 1117 posset.
777 1065 887 1103 Nihil
914 1072 968 1103 est
994 1064 1095 1102 enim
1120 1071 1201 1101 tam

96 1117 259 1168 insigne,
287 1131 356 1157 nec
373 1126 453 1156 tam
472 1119 520 1157 ad
537 1119 823 1157 diuturnitatem
843 1117 1035 1156 memoriae
1053 1117 1200 1163 stabile,

98 1184 216 1222 quam
241 1172 294 1220 id,
322 1172 361 1209 in
388 1185 464 1223 quo
489 1173 635 1224 aliquid
659 1172 867 1210 offenderis.
910 1172 1048 1222 Itaque
1065 1178 1123 1217 ut,
1151 1170 1202 1208 ad

97 1224 195 1262 hanc
220 1225 506 1263 similitudinem
531 1226 646 1274 hujus
670 1225 872 1272 histrionis,
899 1224 1099 1262 oratoriam
1117 1223 1201 1260 lau-

97 1277 186 1315 dem
215 1278 436 1329 dirigamus,
466 1278 663 1326 videtisne,
695 1291 811 1329 quam
840 1277 936 1315 nihil
968 1278 1015 1314 ab
1044 1289 1100 1324 e0,
1127 1276 1201 1314 nisi

97 1331 273 1382 perfecte,
293 1331 388 1368 nihil
407 1331 479 1369 nisi
497 1344 586 1370 cum
605 1332 757 1369 summa
774 1337 968 1369 venustate
986 1330 1074 1367 fiat.
1065 1332 1082 1357 ’θ
1102 1329 1200 1366 1111111

97 1383 169 1421 11151
194 1384 261 1432 ita,
291 1391 335 1422 ut
358 1384 499 1433 deceat,
527 1391 563 1422 et
586 1385 644 1422 uti
670 1396 799 1422 omnes
823 1390 973 1421 moveat
996 1390 1110 1433 atque
1135 1382 1201 1420 de-

96 1436 230 1475 lectet.
220 1439 238 1464 ⁹
267 1437 404 1488 Itaque
421 1438 492 1475 hoc
507 1438 655 1486 jamdiu
671 1445 725 1475 est
739 1444 971 1484 consecutus,
991 1444 1048 1483 ut,
1068 1435 1108 1472 in
1123 1448 1200 1486 quo

98 1490 259 1541 quisque
277 1490 434 1528 artificio
460 1491 668 1538 excelleret,
694 1491 726 1527 is
744 1490 783 1527 in
803 1503 870 1528 suo
889 1502 1022 1540 genere
1041 1489 1201 1526 Roscius

98 1542 293 1580 diceretur.
334 1543 447 1581 Hanc
471 1556 540 1594 ego
562 1543 835 1582 absolutionem
859 1542 1201 1601 perfectionemque

97 1595 138 1632 in
157 1603 300 1634 oratore
318 1596 544 1644 desiderans,
565 1610 588 1634 a
606 1610 684 1648 qua
701 1597 780 1656 ipse
796 1597 909 1647 longe
927 1597 1075 1655 absum,
1103 1594 1199 1632 facio

97 1648 362 1700 impudenter:
391 1650 487 1687 mihi
515 1650 617 1688 enim
647 1650 731 1688 volo
760 1649 916 1700 ignosci,
951 1648 1090 1687 caeteris
1119 1647 1200 1698 ipse

98 1713 174 1740 non
193 1702 355 1752 ignosco.
398 1703 503 1741 Nam
523 1703 590 1754 qui
608 1715 685 1740 non
703 1709 839 1753 potest,
860 1701 927 1753 qui
945 1702 1076 1739 vitiose
1094 1701 1198 1750 facit,

96 1768 213 1806 quem
237 1755 400 1807 denique
425 1768 501 1794 non
532 1756 649 1803 decet,
680 1756 783 1793 hunc
802 1758 864 1797 (ut
885 1754 1115 1805 Apollonius
1135 1755 1201 1802 ju-

97 1809 225 1855 bebat)
245 1809 294 1846 ad
311 1809 364 1857 id,
385 1809 488 1860 quod
505 1809 624 1847 facere
642 1809 772 1869 possit,
793 1808 1070 1846 detrudendum
1089 1814 1196 1858 puto.

149 1861 311 1900 XXIX.
333 1862 443 1899 Num
462 1869 504 1899 tu
523 1862 652 1912 igitur,
672 1862 797 1913 inquit
811 1861 1014 1912 Sulpicius,
1035 1873 1111 1907 me,
1132 1866 1198 1896 aut

97 1913 199 1952 hunc
214 1914 407 1963 Cottam,
393 1928 456 1964 Jus
475 1916 583 1953 civile
601 1922 667 1953 aut
684 1928 765 1952 rem
779 1915 979 1952 militarem
993 1915 1104 1972 jubes
1122 1912 1198 1950 dis-
1232 1948 1240 1951 „

97 1969 210 2006 cere?
239 1980 329 2006 nam
348 1969 433 2020 quis
457 1968 506 2006 ad
530 1968 601 2006 ista
619 1978 782 2028 summa,
807 1974 919 2018 atque
937 1967 976 2003 in
1003 1965 1107 2003 omni
1133 1977 1198 2014 ge-

97 2031 186 2058 nere
198 2021 374 2071 perfecta,
394 2028 516 2073 potest
529 2022 752 2072 pervenire?
781 2020 887 2058 Tum
901 2021 978 2067 ille,
995 2019 1080 2068 Ego
1095 2029 1196 2065 vero,

96 2072 280 2125 inquit,q
280 2074 356 2112 uod
382 2074 423 2112 in
451 2076 557 2113 vobis
585 2073 774 2125 egregiam
799 2073 1013 2132 quamdam
1034 2083 1076 2109 ac
1100 2083 1196 2120 prae-

94 2125 235 2164 claram
263 2127 429 2166 indolem
455 2127 505 2165 ad
530 2127 732 2166 dicendum
759 2139 836 2165 esse
861 2124 1030 2176 cognovi,
1058 2123 1196 2161 idcirco

91 2177 175 2218 haec
192 2180 349 2231 exposui
366 2180 519 2227 omnia3
548 2193 617 2219 nec
641 2180 763 2230 magis
789 2178 836 2217 ad
862 2191 923 2217 eos
941 2175 1193 2225 deterrendos,
