1407 2324
256 74 333 115 DE
360 74 653 126 ORATORE,
681 74 779 115 Lm.
797 74 879 114 111.
907 74 1012 114 CAP.
1029 75 1065 113 6.
1133 77 1211 116 295

117 194 197 221 esse
214 190 439 222 consumtas.
478 183 641 231 Deinde,
662 195 749 221 cum
767 195 911 231 omnes,
930 182 1109 220 inclinato
1130 183 1212 231 jam

118 235 160 273 in
178 236 479 286 pomeridianum
497 244 647 287 tempus
660 237 733 284 die,
750 237 935 275 venissent
952 235 1000 273 ad
1015 236 1209 284 Crassum,

118 288 226 336 Quid
244 297 312 337 est,
333 290 496 328 Crasse?
526 290 664 340 inquit,
685 290 839 327 Julius:
870 290 1017 326 imusne
1036 301 1178 327 sessum
1194 291 1213 327 ?

117 341 187 379 etsi
205 342 441 381 admonitum
460 344 631 382 venimus
648 350 698 391 te,
717 355 793 380 non
811 342 1035 393 flagitatum.

171 394 279 433 Tum
298 395 467 444 Crassus,
487 399 555 434 An
572 409 635 434 me
653 403 731 434 tam
749 396 1010 447 impudentem
1025 408 1101 433 esse
1117 394 1213 433 exis-

118 446 274 496 timatis,
287 456 330 486 ut
344 450 447 488 vobis
465 450 536 488 hoc
554 450 758 500 praesertim
773 462 912 486 munus
926 456 1055 499 putem
1071 448 1213 487 diutius

118 513 226 560 posse
244 501 400 541 debere.
391 505 408 531 ’ν’
437 503 609 550 Quinam
627 503 756 553 igitur,
771 502 895 553 inquit
912 502 989 561 ille,
1010 502 1135 539 locus.
1126 503 1143 529 ‘³
1163 514 1212 539 an

119 553 160 590 in
178 554 304 592 media
322 556 417 594 silva
433 557 555 607 placet
568 558 585 594 ?
614 555 685 593 Est
703 556 804 593 enim
828 556 860 593 is
884 555 1050 592 maxime
1069 562 1105 592 et
1123 567 1212 605 opa-

117 618 197 654 cuS‚
217 615 254 645 et
271 608 440 659 frigidus.
471 610 582 657 Sane,
601 609 726 660 inquit
740 609 895 647 Crassus
911 623 921 646 ε
944 608 1080 646 etenim
1100 616 1154 645 est
1171 608 1212 645 in

120 672 165 697 eo
182 661 264 698 loco
282 662 385 700 sedes
402 662 492 700 huic
510 670 635 700 nostro
661 675 736 700 non
761 662 1013 712 inopportuna
1037 661 1212 699 sermoni.

121 712 223 751 Cum
241 714 440 764 placuisset
464 716 565 753 idem
592 716 745 764 caeteris,
767 716 807 753 in
826 716 959 753 silvam
984 715 1146 761 venitur,
1175 721 1213 752 et

118 765 186 814 ibi,
206 768 347 818 magna
364 781 451 806 cum
470 769 645 806 audiendi
664 769 949 829 exspectatione,
970 767 1186 805 considitur.

174 820 281 858 Tum
301 820 470 869 Crassus,
491 822 589 860 Cum
606 823 803 860 auctoritas
821 829 933 872 atque
952 821 1115 858 amicitia
1133 833 1214 858 ves-

121 878 195 920 tra,
223 880 308 911 tum
334 875 496 913 Antonii
522 875 680 913 facilitas
707 875 856 926 eripuit,
885 874 1022 925 inquit,
1051 873 1146 910 mihi
1173 873 1214 910 in

120 927 267 977 optima
280 928 366 965 mea
379 928 492 966 causa
505 928 714 966 libertatem
729 928 942 966 recusandi:
965 939 1213 978 quamquam,

121 979 162 1016 in
180 980 377 1031 partienda
390 981 640 1032 disputatione
654 981 793 1029 nostra,
808 993 895 1018 cum
915 980 998 1028 sibi,
1013 979 1082 1017 de
1072 981 1117 1017 1is
1129 993 1215 1030 quae

119 1032 194 1070 dici
212 1035 259 1071 ab
277 1041 421 1072 oratore
438 1041 635 1085 oporteret,
651 1041 826 1082 sumeret,
842 1034 938 1071 mihi
956 1041 1083 1071 autem
1101 1033 1214 1070 relin-

120 1094 264 1136 queret,
298 1094 341 1124 ut
370 1088 609 1138 explicarem,
640 1087 962 1149 quemadmodum
993 1087 1060 1124 illa
1090 1086 1214 1124 ornari

114 1145 330 1189 oporteret3
361 1153 404 1178 ea
421 1140 560 1189 divisit,
577 1154 662 1192 quae
680 1142 847 1191 sejuncta
865 1153 942 1178 esse
955 1152 1030 1177 non
1044 1146 1213 1191 possunt.

117 1192 242 1238 Nam,
263 1205 351 1230 cum
370 1194 492 1232 omnis
511 1207 557 1231 ex
576 1207 615 1232 re
633 1201 745 1246 atque
763 1194 884 1232 verbis
910 1200 1051 1231 constet
1068 1193 1211 1231 oratio·
1198 1221 1211 1238 ‚

120 1257 243 1297 neque
261 1248 374 1284 verba
391 1247 516 1285 sedem
534 1247 670 1285 habere
688 1254 857 1298 possunt,
877 1247 908 1284 si
922 1259 1002 1284 rem
1021 1248 1215 1284 subu-axe„

121 1298 185 1347 ris,
206 1311 328 1350 neque
345 1313 403 1338 res
420 1301 565 1348 lumen,
585 1300 617 1339 si
635 1303 747 1338 verba
765 1300 974 1338 semoveris.

174 1351 238 1390 Ac
255 1352 351 1390 mihi
369 1353 522 1404 quidem
541 1360 679 1392 veteres
697 1354 766 1401 ini,
785 1354 910 1402 majus
935 1352 1115 1402 quiddam
1134 1351 1215 1390 ani-

122 1416 187 1442 mo
218 1406 420 1456 complexi,
452 1407 574 1443 multo
602 1407 688 1457 plus
720 1407 831 1443 etiam
862 1405 996 1443 vidisse
1026 1406 1214 1453 videntur,

123 1470 241 1508 quam
259 1466 445 1508 quantum
470 1466 682 1496 nostrorum
700 1459 937 1509 ingeniorum
958 1458 1052 1496 acies
1077 1458 1216 1496 intueri

123 1518 270 1562 potest3
300 1512 367 1562 qui
384 1512 512 1550 omnia
529 1512 622 1560 haec,
643 1525 729 1563 quae
747 1525 861 1562 supra
878 1518 914 1549 et
933 1513 1073 1560 subter,
1092 1523 1216 1549 unum

124 1577 216 1612 esse,
236 1571 274 1602 et
297 1566 376 1603 un‘a
402 1565 441 1603 vi
465 1572 577 1616 atque
602 1567 680 1602 una
704 1565 942 1604 consensione
966 1571 1109 1602 naturae
1127 1577 1216 1602 con-

123 1617 251 1656 stricta
268 1631 346 1656 esse
363 1618 550 1656 dixerunt.
580 1619 747 1656 Nullum
761 1625 815 1656 est
829 1618 930 1655 enim
944 1630 1061 1668 genus
1073 1630 1215 1666 rerum,

123 1671 227 1722 quod
251 1677 318 1708 aut
343 1672 517 1710 avulsum
542 1685 565 1709 a
589 1672 728 1710 caeteris
752 1685 819 1722 per
843 1671 1008 1722 seipsum
1034 1678 1214 1720 constare,

122 1731 204 1772 aut,
224 1737 300 1775 quo
318 1732 449 1763 caetera
466 1725 496 1762 si
515 1731 676 1775 careant,
692 1725 770 1764 vim
784 1737 892 1763 suam
905 1732 1018 1777 atque
1032 1724 1216 1763 aeternita-

123 1785 201 1816 tem
220 1790 434 1816 conservare
454 1779 608 1829 possint.

176 1831 252 1870 VI.
281 1831 370 1880 Sed,
396 1831 428 1869 si
452 1832 531 1870 haec
555 1833 676 1881 major
701 1845 778 1870 esse
802 1830 896 1869 ratio
919 1830 1079 1878 videtur,
1099 1842 1216 1881 quam

123 1890 168 1922 ut
184 1884 383 1923 hominum
403 1885 518 1937 possit
532 1898 640 1923 sensu
659 1892 725 1923 aut
738 1885 960 1935 cogitatione
974 1883 1217 1934 comprehen-

123 1937 190 1983 di;
219 1945 273 1976 est
291 1938 404 1976 etiam
422 1939 489 1976 illa
508 1938 676 1976 Platonis
694 1951 794 1985 vera,
810 1945 846 1975 et
860 1937 943 1985 tibi,
957 1937 1104 1984 Catule,
1118 1942 1217 1974 certe

125 2001 203 2029 non
220 1991 390 2030 inaudita
400 2004 488 2041 VOX,
500 2004 652 2030 omnem
663 1991 871 2030 doctrinam
884 1991 1020 2027 harum
1034 1990 1218 2039 ingenua-

126 2056 212 2082 rum
237 2053 275 2083 et
296 2045 552 2083 humanarum
578 2045 716 2083 artium
740 2057 818 2082 uno
844 2043 1009 2095 quodam
1036 2042 1218 2080 societatis

127 2096 276 2136 vinculo
294 2098 484 2137 contineri.
514 2098 593 2137 Ubi
607 2099 707 2137 enim
727 2103 917 2149 perspecta
931 2096 986 2134 vis
1000 2102 1054 2134 est
1066 2095 1218 2133 rationis

126 2150 221 2201 eju8‚
247 2151 324 2203 qua
350 2164 470 2192 causae
495 2165 622 2192 rerum
649 2159 762 2204 atque
787 2151 909 2191 exitus
929 2155 1217 2202 cognoscuntur,
