1407 2324
169 71 245 118 DE
265 77 470 118 CLARIS
492 78 880 125 ORATORIBUS,
901 78 1003 117 cn.
1025 80 1061 123 7.
1085 79 1157 116 361

61 184 209 223 dicendi
221 184 334 237 laude
351 186 524 233 delector,
545 185 647 237 quod
661 193 808 232 caetera,
828 199 914 236 quae
932 191 1020 223 sunt
1039 198 1160 236 quon-

62 237 151 275 dam
175 238 305 276 habita
328 239 368 276 in
398 239 545 278 civitate
570 239 837 290 pulcherrima,
865 251 977 276 nemo
1003 248 1057 276 est
1082 246 1161 276 tam

62 290 230 338 humilis,
251 292 318 342 qui
337 305 375 330 se
394 305 469 330 non
488 300 554 329 aut
572 304 679 342 posse
703 291 871 341 adipisci,
892 298 958 328 aut
982 292 1161 341 adeptum

61 351 193 393 putet3
223 345 459 396 eloquentem
485 345 675 381 neminem
703 344 809 381 video
828 344 970 381 factum
990 357 1066 382 esse
1085 344 1160 382 vic—

61 396 167 434 toria.
210 397 298 444 Sed,
326 410 401 448 quo
427 397 574 435 facilius
593 410 715 434 sermo
734 397 956 447 explicetur,
978 397 1158 443 sedentes,

60 448 92 485 si
110 449 271 497 videtur,
299 463 466 501 agamus.
498 450 599 487 Cum
618 450 718 487 idem
737 449 938 499 placuisset
963 450 1049 496 illis,
1077 457 1160 487 tum

59 501 99 538 in
118 503 268 551 pratulo
286 511 437 554 propter
458 503 626 540 Platonis
646 509 809 540 statuam
829 502 1075 540 consedimus.

114 554 192 592 Hic
219 568 302 606 ego,
331 556 506 593 Laudare
531 555 646 605 igitur
672 555 938 605 eloquentiam,
966 563 1001 592 et
1020 563 1162 605 quauta

60 606 116 643 vis
135 607 181 644 sit
197 609 290 656 ejus,
312 621 543 658 expromere,
561 615 819 658 quantamque
833 607 892 653 iis,
909 608 976 657 qui
990 609 1064 645 sint
1079 622 1161 645 eam

59 661 260 707 consecuti,
276 660 499 711 dignitatem
514 660 657 707 afferat,
671 673 793 710 neque
807 661 1040 710 propositum
1056 663 1164 699 nobis

58 719 112 749 est
130 712 201 750 hoc
219 713 313 760 loco,
341 726 462 764 neque
481 714 741 751 necessarium.
774 713 858 750 Hoc
877 725 964 750 vero
983 714 1061 751 sine
1080 715 1161 752 ulla

57 764 292 803 dubitatione
311 766 623 812 confirmaverim,
645 766 721 803 sive
738 765 805 802 illa
819 772 896 802 arte
910 766 1077 815 pariatur
1091 767 1161 804 ali-

58 818 149 868 qua,
182 818 258 856 sive
287 819 550 856 exercitatione
579 818 759 868 quadam,
787 819 863 855 sive
888 819 1047 863 natur313
1078 832 1158 857 rem

58 882 174 907 unam
200 884 277 909 esse
294 871 468 909 omnium
487 871 760 908 difficillimam.
802 870 955 917 Quibus
981 872 1081 908 enim
1109 886 1156 910 ex

57 923 226 974 quinque
252 926 362 962 rebus
389 931 555 961 constare
582 924 731 970 dicitur,
759 935 888 960 earum
917 935 1155 975 unaquaeque

58 983 112 1013 est
130 989 188 1013 ars
207 976 288 1027 ipsa
305 989 445 1026 magna
462 989 527 1027 per
551 989 639 1014 sese.
683 976 812 1023 Quare
831 976 999 1027 quinque
1017 978 1155 1014 artium

56 1040 255 1067 concursus
279 1029 549 1075 maximarum,
577 1037 757 1080 quantam
782 1028 874 1076 vim,
895 1037 1155 1081 quantamque

59 1081 317 1120 difficultatem
335 1081 487 1129 habeat,
508 1082 713 1119 existimari
731 1088 863 1132 potest.

109 1134 206 1172 VII.
227 1135 352 1173 Testis
367 1142 422 1173 est
437 1134 595 1181 Graecia,
612 1148 710 1186 quae,
727 1147 814 1172 cum
834 1135 1056 1187 eloquentiae
1075 1144 1153 1175 stu-

55 1187 117 1224 dio
137 1187 183 1225 sit
200 1188 364 1235 incensa,
380 1188 604 1238 jamdiuque
623 1188 779 1225 excellat
797 1187 837 1224 in
852 1188 909 1235 ea,
929 1196 1154 1240 praestetque

55 1240 207 1289 caeteris,
221 1247 347 1278 tamen
361 1253 490 1278 omnes
505 1248 600 1278 artes
611 1240 827 1278 vetustiores
841 1240 968 1287 habet,
982 1250 1019 1279 et
1032 1244 1155 1280 multo

56 1300 142 1330 ante
160 1305 236 1331 non
254 1294 424 1332 inventas
443 1294 580 1341 solum,
601 1293 664 1331 sed
683 1293 797 1330 etiam
822 1293 1016 1344 perfectas,
1037 1307 1154 1346 quam

55 1346 135 1384 haec
153 1352 208 1384 est
226 1359 249 1383 a
268 1346 408 1384 Graecis
434 1347 622 1383 elaborata
647 1344 793 1382 dicendi
821 1346 877 1383 vis
904 1354 1017 1397 atque
1035 1348 1152 1398 copia.

57 1399 105 1436 In
125 1411 240 1449 quam
259 1411 346 1436 cum
364 1399 524 1445 intueor,
544 1398 711 1435 maxime
728 1397 824 1435 mihi
843 1409 1055 1447 occurrunt,
1078 1401 1153 1437 At-

55 1451 140 1499 tice,
157 1458 193 1489 et
212 1452 319 1503 quasi
336 1452 476 1498 lucent,
497 1451 662 1488 Athenae
681 1458 780 1495 tuae3
811 1453 887 1502 qua
905 1451 945 1489 in
963 1454 1056 1490 urbe
1074 1454 1153 1503 pri-

55 1517 163 1541 mum
183 1517 222 1542 se
235 1512 358 1542 orator
376 1503 525 1552 extulit,
545 1504 789 1554 primumque
807 1504 920 1542 etiam
939 1506 1151 1543 monimen-

55 1557 102 1595 tis
128 1565 165 1595 et
188 1557 304 1595 literis
326 1557 442 1595 oratio
461 1564 515 1594 est
533 1563 652 1607 coepta
669 1556 853 1594 mandari.
883 1558 1046 1605 Tamen,
1066 1567 1153 1596 ante

56 1610 240 1648 Periclem
256 1611 380 1659 (cujus
398 1610 533 1661 scripta
551 1609 725 1660 quaedam
741 1609 928 1657 feruntur)
945 1618 980 1648 et
994 1611 1151 1662 Thucy-

55 1660 196 1711 didem,
215 1663 295 1714 qui,
315 1675 392 1701 non
411 1663 648 1701 nascentibus
666 1662 844 1711 Athenis,
865 1664 928 1701 sed
943 1665 1023 1712 jam
1043 1664 1152 1702 adul-

55 1716 116 1762 tis,
143 1716 311 1763 fuerunt,
336 1716 445 1754 litera
469 1716 575 1753 nulla
600 1722 667 1763 est,
694 1728 780 1766 quae
802 1717 955 1767 quidem
975 1724 1150 1755 ornatum

55 1766 220 1820 aliquem
231 1769 380 1816 habeat,
397 1775 434 1806 et
446 1768 599 1806 oratoris
613 1780 690 1805 esse
703 1767 884 1806 videatur.
904 1769 1151 1820 Quamquam

54 1821 182 1871 opinio
200 1828 268 1870 est,
289 1829 326 1859 et
351 1834 454 1869 eum,
474 1822 540 1873 qui
558 1820 688 1858 multis
707 1822 814 1859 annis
833 1830 919 1860 ante
936 1823 1004 1859 hos
1022 1822 1150 1869 fuerit,

56 1874 310 1922 Pisistratum,
331 1881 368 1912 et
384 1875 498 1926 paulo
513 1874 695 1912 seniorem
711 1875 823 1912 etiam
839 1876 1029 1920 Solonem,
1049 1882 1152 1924 post-

55 1939 173 1977 eaque
192 1927 438 1974 Clisthenem,
462 1927 642 1975 multum,
668 1933 713 1964 ut
730 1928 961 1978 temporibus
979 1927 1066 1973 illis,
1087 1940 1151 1964 va-

54 1977 168 2017 luisse
193 1977 359 2018 dicendo.
403 1981 495 2018 Post
518 1980 615 2017 hanc
634 1986 780 2017 aetatem
800 1981 943 2031 aliquot
968 1980 1088 2026 annis,
1109 1987 1153 2017 ut

57 2044 103 2068 ex
122 2032 262 2070 Atticis
286 2033 527 2071 monimentis
551 2039 672 2084 potest
688 2033 861 2083 perspici,
881 2032 1154 2071 Themistocles

56 2083 154 2129 fuit3
185 2097 300 2136 quem
325 2093 482 2135 constat,
502 2099 588 2124 cum
607 2084 820 2137 prudentia,
846 2093 928 2123 tum
947 2085 1058 2122 ctiam
1078 2086 1154 2123 elo-

57 2138 216 2187 quentia
239 2139 475 2189 praestitisse:
504 2146 589 2190 post
614 2137 788 2185 Pericles,
816 2138 882 2188 qui
905 2150 990 2176 cum
1010 2137 1154 2177 floreret

110 2191 304 2237 (Rhetor.)
327 2202 428 2228 vor..
453 2202 481 2230 ι.
773 2192 798 2227 2
822 2203 833 2228 ι
