1407 2308
223 61 302 102 DE
329 60 751 112 ORATORE,L11›.
771 61 831 102 ΙΙ.
860 61 963 101 CAP.
983 64 1047 103 29.
1103 65 1181 102 223

94 169 220 218 matis,
239 181 316 208 non
341 170 411 209 erit
436 172 498 214 (ut
520 169 669 221 opinor)
694 169 826 221 iniqua
849 169 1014 221 partitio,
1035 170 1079 217 si,
1099 183 1188 209 cum

93 236 163 274 ego
186 223 289 261 hunc
315 232 513 270 oratorem,
543 236 657 274 quem
684 235 784 261 nunc
812 224 927 274 fingo,
955 231 999 261 ut
1026 223 1186 272 institui,

92 289 232 324 crearo,
258 277 399 325 aluere,
423 277 669 323 confirmar03
699 277 845 314 tradam
871 289 959 314 eum
985 276 1132 325 Crasso,
1153 284 1190 315 et

93 330 342 377 vestiendum,
363 337 399 367 et
416 330 641 368 ornandum.

147 383 254 421 Tum
267 382 436 431 Crassus,
457 383 521 420 Tu
540 397 640 431 vero,
660 383 797 434 inquit,
817 383 978 429 Antoni,
994 397 1120 434 perge,
1144 390 1189 420 ut

94 436 298 475 instituisti.
329 437 466 487 Neque
485 437 586 474 enim
612 444 666 474 est
690 438 779 474 boni
804 450 925 487 neque
943 437 1105 474 liberalis
1123 449 1191 487 pa-

96 490 225 538 rentis,
246 503 360 541 quem
377 490 580 540 procrearit
598 498 634 527 et
653 490 835 537 eduxerit,
857 503 944 527 eum
963 502 1038 527 non
1057 498 1093 528 et
1113 503 1192 527 ves-

97 543 167 581 tire
194 550 231 581 et
257 543 656 594 ornare3praeserti1n
683 556 770 580 cum
796 551 832 580 te
862 543 1087 594 locupletem
1115 556 1194 580 esse

97 609 233 647 negare
262 609 338 634 non
367 597 495 647 possis.
529 596 645 643 Quod
674 597 775 633 enim
803 605 1080 638 ornamentum
1109 610 1195 647 quae

98 650 168 697 vis,
189 649 255 700 qui
273 650 436 697 animus,
457 663 542 700 quae
560 649 721 700 dignitas
740 650 796 687 1111
814 649 949 687 0131011
975 649 1107 697 defuit,
1127 650 1195 700 qui

98 703 139 740 in
158 715 269 740 causa
286 703 494 754 peroranda
511 715 588 740 non
602 703 787 740 dubitaxit
805 703 964 740 excitare
983 716 1089 740 reum
1109 715 1197 740 con-

100 757 278 803 sularem,
294 763 330 793 et
349 757 428 805 ejus
443 756 635 794 diloricare
654 757 835 803 tunicam,
852 764 887 793 et
899 756 1088 803 judicibus
1102 756 1198 794 cica-

100 810 208 847 trices
220 809 390 847 adversas
404 809 500 846 senis
513 809 745 859 imperatoris
760 809 950 846 ostendere
964 811 980 847 ?
1001 809 1067 859 qui
1081 809 1197 858 idem,

100 863 171 901 hoc
199 869 393 900 accusante
425 862 604 913 Sulpicio,
636 875 724 900 cum
755 862 948 899 hominem
980 862 1198 900 seditiosum

102 916 361 966 furiosumque
379 915 604 962 defenderet,
625 928 700 953 non
719 914 905 952 dubitavit
924 915 1119 953 seditiones
1139 916 1198 966 ip-

102 982 160 1007 sas
179 981 323 1016 ornare,
339 981 381 1006 ac
399 968 652 1006 demonstrare
670 968 896 1019 gravissimis
911 969 1045 1016 verbis,
1058 970 1199 1007 multos

101 1035 199 1073 saepe
212 1022 374 1073 impetus
388 1022 520 1073 populi
531 1034 606 1059 non
618 1022 775 1071 injustos
788 1035 864 1059 esse
877 1035 888 1067 3
919 1035 1012 1071 quos
1026 1030 1202 1072 praestare

101 1087 213 1114 nemo
238 1075 378 1126 possit3
407 1075 547 1112 multas
572 1075 685 1113 etiam
713 1088 733 1112 e
761 1088 801 1112 re
825 1075 979 1126 publica
1001 1075 1199 1113 seditiones

104 1142 202 1180 saepe
219 1142 296 1166 esse
312 1128 442 1176 factas,
462 1135 506 1165 ut
523 1141 611 1166 cum
628 1141 732 1178 reges
751 1136 871 1166 essent
895 1129 1029 1175 exacti,
1050 1136 1093 1166 ut
1111 1141 1200 1166 cum

105 1182 305 1221 tribunicia
330 1189 491 1233 potestas
522 1188 615 1219 esset
643 1181 865 1219 constituta:
894 1182 1000 1218 illam
1027 1182 1201 1219 Norbani

106 1236 340 1297 seditionem,
370 1248 417 1273 ex
437 1236 542 1272 luctu
568 1234 721 1282 civium,
749 1242 785 1272 et
811 1248 858 1273 63
883 1235 1070 1285 Caepionis
1099 1235 1199 1281 odio,

106 1290 174 1341 qui
199 1289 405 1327 exercitum
431 1288 617 1335 amiserat,
644 1300 766 1339 neque
790 1288 943 1338 reprimi
968 1288 1145 1338 potuisse,
1166 1295 1203 1325 et

104 1344 190 1392 jure
208 1355 284 1380 esse
298 1341 508 1380 conflatam.
538 1341 668 1379 Potuit
678 1341 739 1378 hic
750 1342 852 1378 locus
867 1349 945 1378 tam
959 1353 1108 1391 anceps,
1122 1349 1202 1378 tam

108 1396 314 1442 inauditus,
333 1403 412 1432 tam
430 1394 610 1442 lubricus,
624 1401 702 1433 tam
720 1407 854 1440 novus,
868 1394 946 1432 sine
961 1394 1155 1444 quadam*
1145 1406 1204 1431 111-

110 1449 277 1487 credibili
294 1448 332 1486 vi
356 1461 399 1485 ac
424 1447 599 1485 facultate
624 1447 771 1484 dicendi
796 1447 975 1485 tractari?
1004 1447 1110 1494 Quid
1136 1460 1205 1497 ego

110 1502 158 1540 de
177 1502 247 1540 Cn.
268 1501 423 1548 Manlii,
440 1501 532 1551 quid
550 1500 596 1538 de
615 1500 665 1547 Q.
682 1500 799 1549 Regis
813 1500 1133 1538 commiseratione
1146 1501 1204 1538 di-

109 1557 224 1594 cam?
253 1554 346 1606 quid
359 1554 405 1591 de
423 1554 505 1591 aliis
523 1553 858 1591 innumerabilibus
873 1556 890 1592 Ρ
917 1553 957 1590 111
972 1554 1109 1604 quibus
1127 1566 1204 1592 non

109 1609 181 1647 hoc
198 1608 365 1645 maxime
390 1607 538 1656 enituit,
558 1607 661 1658 quod
685 1607 753 1645 tibi
771 1619 900 1644 omnes
919 1607 1023 1654 dant,
1044 1620 1204 1645 acumen

111 1661 304 1714 quoddam
322 1661 533 1721 singulare3
563 1660 627 1698 sed
644 1660 751 1697 haec'
741 1673 836 1711 1Ρ53,
856 1674 941 1711 quae
959 1673 1060 1698 nunc
1079 1660 1126 1697 ad
1143 1673 1207 1698 me

110 1716 281 1766 delegare
307 1714 377 1764 vis,
403 1727 447 1752 ea
470 1726 616 1765 semper
639 1713 680 1752 in
707 1721 745 1752 te
769 1714 908 1752 eximia
932 1721 969 1752 et
991 1714 1207 1765 praestantia

110 1768 276 1806 fuerunt.

164 1821 325 1859 XXIX.
356 1819 463 1858 Tum
475 1820 648 1869 Catulus,
667 1819 754 1872 Ego
768 1833 867 1869 vero,
883 1820 1021 1872 inquit,
1042 1820 1082 1858 in
1101 1820 1207 1858 vobis

111 1875 184 1914 hoc
200 1875 368 1912 maxime
386 1873 562 1911 admirari
581 1875 693 1934 soleo,
720 1874 835 1925 quod,
856 1887 944 1912 cum
962 1874 1058 1911 inter
1076 1886 1139 1911 vos
1167 1874 1209 1911 in

113 1928 270 1966 dicendo
288 1927 530 1965 dissimillimi
548 1927 640 1975 sitis,
655 1927 708 1965 ita
726 1935 853 1965 tamen
871 1936 1028 1978 uterque
1047 1929 1211 1964 vestrum

114 1981 227 2029 dicat,
246 1987 290 2019 ut
308 1981 342 2018 ei
359 1980 454 2017 nihil
472 1993 594 2031 neque
608 1993 631 2017 a
643 1981 778 2018 natura
791 1981 1031 2031 denegatum,
1047 1991 1169 2029 neque
1187 1992 1211 2017 a

115 2033 285 2072 doctrina
301 2046 378 2072 non
396 2033 564 2072 delatum
584 2046 662 2071 esse
679 2034 859 2072 videatur.
899 2033 1041 2080 Quare,
1063 2032 1208 2080 Crasse,

116 2098 240 2137 neque
256 2093 300 2125 tu
328 2086 396 2124 tua
419 2087 602 2125 suavitate
622 2099 691 2124 nos
718 2086 896 2138 privabis,
922 2093 979 2134 ut,
999 2086 1031 2123 si
1048 2084 1140 2136 quid
1161 2087 1211 2123 ab

116 2138 286 2180 Antonio
302 2146 369 2179 aut
385 2139 678 2192 praetermissum
695 2147 762 2179 aut
778 2140 951 2180 relictum
968 2138 1030 2188 sit,
1049 2150 1126 2177 non
1144 2151 1210 2178 63-
