1407 2334
219 112 299 164 DE<
323 112 613 160 ORATORE,
644 113 740 151 Lux.
763 112 818 150 II.
849 113 950 152 CAP.
972 116 1034 152 58.
1098 117 1175 153 253

83 219 158 267 tiis,
178 224 215 257 et
232 219 385 267 docebo,
406 232 482 267 sus,
503 221 563 261 (ut
581 219 703 267 aiunt)
729 226 912 258 oratorem
938 233 1041 268 eum,
1061 233 1175 272 quem

82 284 170 310 cum
190 271 349 310 Catulus
366 285 486 324 nuper
504 272 681 321 audisset,
700 272 842 310 foenum
861 273 952 310 alios
966 274 1088 311 aiebat
1101 287 1178 312 esse

82 332 260 375 oportere.
289 325 395 363 Tum
410 326 486 372 ille,
505 325 725 373 Jocabatur,
742 326 878 376 inquit,
895 325 1066 373 Catulus,
1082 340 1176 377 prae-

81 377 209 416 sertim
228 391 315 416 cum
333 378 386 415 ita
404 378 502 416 dicat
525 378 618 428 ipse,
642 385 685 415 ut
709 379 895 416 ambrosia
919 379 1074 417 alendus
1099 393 1177 418 esse

81 431 270 468 videatur:
292 444 421 468 verum
442 438 491 479 te,
513 431 650 477 Caesar,
670 431 881 478 audiamus,
898 439 941 469 ut
954 432 1002 469 ad
1015 433 1176 470 Antonii

83 484 228 534 reliqua
251 484 457 521 redeamus.
497 483 550 521 Et
574 484 779 530 Antonius,
807 485 1000 534 Perpauca
1022 486 1175 535 quidem

83 536 178 574 mihi
196 544 348 583 restant,
368 536 511 587 inquit:
537 537 599 574 sed
619 544 757 583 tamen,
778 537 942 574 defessus
957 539 1037 586 jam
1051 539 1178 576 labore

81 597 194 640 atque
225 590 356 627 itinere
390 589 663 640 disputationis,
697 590 924 639 requiescam
956 590 994 627 in
1025 590 1181 629 Caesaris

81 655 263 689 sermone,
284 642 391 694 quasi
408 642 448 679 in
467 642 594 693 aliquo
611 649 887 692 peropportuno
905 642 1116 681 diversorio.

138 695 297 733 LVIII.
325 695 464 746 Atqui,
484 694 608 745 inquit
628 694 772 742 Julius,
792 707 867 732 non
894 695 1006 733 nimis
1029 696 1182 734 liberale

82 748 289 799 hospitium
315 761 445 786 meum
464 748 588 785 dices:
616 759 705 784 nam
733 754 769 785 te
796 748 835 784 in
863 747 977 795 viam,
1006 748 1181 787 simulac

82 802 348 852 perpaululum
367 801 541 851 gustaris,
562 800 760 838 extrudam
779 807 815 837 et
834 800 991 848 ejiciam.

136 855 212 900 Ac,
243 866 291 892 ne
313 854 454 891 diutius
472 866 536 891 vos
555 853 737 900 demorer,
764 853 811 890 de
835 853 940 890 omni
957 853 1027 891 isto
1045 867 1180 904 genere

83 907 178 958 quid
203 907 375 953 sentiam,
402 907 629 956 perbreviter
647 918 846 956 exponam.
894 905 955 943 De
972 907 1048 944 risu
1068 908 1180 958 quin-

83 973 158 1011 que
187 967 287 1007 sunt,
315 973 401 1010 quae
425 966 666 1010 quaerantur;
696 971 832 1006 unum,
862 958 954 1009 quid
984 959 1056 997 sit:
1087 961 1178 998 alte-

84 1026 185 1059 rum,
214 1013 314 1050 unde
340 1013 410 1050 sit:
441 1012 609 1059 tertium,
638 1012 733 1049 sitne
759 1012 926 1057 oratoris,
948 1012 1042 1049 velle
1060 1012 1177 1050 risum

86 1078 257 1104 movere:
294 1073 487 1116 quartum,
516 1065 725 1116 quatenus:
764 1065 955 1115 quintum,
985 1078 1070 1115 quae
1105 1066 1180 1103 sint

83 1131 221 1169 genera
245 1119 404 1157 ridiculi.
437 1119 570 1169 Atque
588 1117 684 1154 illud
702 1117 883 1167 primum,
910 1118 1003 1168 quid
1028 1119 1075 1155 sit
1099 1119 1179 1169 ipse

84 1173 194 1218 risus,
223 1184 299 1222 quo
327 1178 436 1222 pacto
461 1171 678 1217 concitetur,
708 1170 775 1208 ubi
803 1171 864 1218 sit,
895 1171 1084 1221 quomodo
1113 1184 1179 1209 ex-

82 1225 200 1272 sistat,
229 1232 342 1275 atque
361 1225 413 1262 ita
430 1231 581 1274 repente
605 1230 792 1273 erumpat,
820 1230 863 1261 ut
881 1236 968 1260 eum
987 1224 1177 1274 cupientes

84 1285 208 1315 tenere
245 1290 489 1328 nequeamus,
528 1284 564 1314 et
595 1276 784 1326 quomodo
817 1276 930 1313 simul
961 1276 1092 1323 latera,
1121 1289 1176 1325 OS,

85 1343 211 1379 venas,
240 1331 404 1377 vultum,
424 1330 550 1367 oculos
571 1336 739 1379 occupet,
759 1327 893 1366 viderit
910 1328 1172 1367 Democritus:

84 1396 207 1434 neque
225 1383 326 1421 enim
351 1383 399 1420 ad
417 1383 519 1419 hunc
537 1393 746 1420 sermonem
764 1380 834 1418 hoc
852 1381 1037 1431 pertinet;
1067 1389 1116 1428 et,
1145 1383 1176 1420 si

84 1436 297 1487 pertineret,
325 1435 465 1473 nescire
482 1447 544 1472 me
562 1442 688 1472 tamen
712 1433 752 1470 id
776 1446 852 1471 non
876 1434 1046 1484 puderet,
1075 1435 1177 1485 quod

86 1502 134 1528 ne
151 1489 223 1539 ipsi
241 1488 395 1539 quidem
409 1487 465 1525 illi
483 1487 631 1534 scirent,
651 1487 718 1537 qui
736 1487 1008 1536 pollicerentur.
1051 1487 1176 1525 Locus

85 1549 228 1589 autem,
261 1548 298 1579 et
328 1541 430 1591 regio
461 1540 582 1591 quasi,
614 1539 763 1576 ridiculi
796 1541 901 1581 (nam
933 1540 973 1576 id
1003 1541 1176 1590 proxime

86 1595 282 1646 quaeritur)
313 1593 544 1644 turpitudine
565 1599 608 1630 'et
633 1592 869 1630 deformitate
895 1592 1061 1643 quadam
1089 1606 1177 1631 con-

87 1649 247 1686 tinetur:
277 1648 357 1684 haec
386 1647 487 1684 enim
511 1645 679 1683 ridentur
707 1645 767 1682 vel
796 1645 887 1691 sola,
914 1645 973 1683 vel
996 1646 1176 1695 maxime,

86 1714 172 1752 quae
197 1707 327 1738 notant
353 1707 390 1737 et
411 1699 608 1749 designant
625 1697 897 1748 turpitudinem
916 1698 1084 1749 aliquam
1103 1711 1179 1736 non

87 1754 256 1804 turpiter.
284 1753 356 1790 Est
369 1759 511 1799 autem,
531 1758 574 1789 ut
592 1750 639 1788 ad
657 1750 753 1787 illud
772 1751 923 1788 tertium
943 1751 1105 1799 veniam,
1126 1758 1180 1789 est

88 1808 199 1858 plane
216 1806 370 1844 oratoris
386 1818 535 1842 movere
552 1804 695 1848 risum;
725 1803 784 1840 vel
802 1804 904 1854 quod
917 1804 997 1855 ipsa
1014 1804 1181 1842 hilaritas

88 1859 385 1898 benevolentiam
411 1857 582 1896 conciliat
609 1857 656 1904 ei,
684 1869 750 1906 per
775 1869 889 1906 quem
915 1857 1075 1894 excitata
1099 1864 1180 1901 est;

89 1913 149 1951 vel
175 1911 277 1963 quod
302 1911 535 1949 admirantur
559 1922 689 1946 omnes
714 1921 886 1957 acumen,
914 1922 990 1947 uno
1015 1922 1112 1960 saepe
1139 1909 1179 1945 in

90 1966 202 2003 verbo
220 1965 399 2015 positum,
427 1963 594 2000 maxime
618 1961 887 2012 respondentis,
906 1973 1179 2012 nonnunquam

91 2017 204 2055 etiam
234 2016 468 2061 lacessentis3
507 2016 566 2053 vel
602 2014 704 2065 quod
738 2014 878 2063 frangit
913 2014 1179 2061 adversarium,

92 2069 194 2120 quod
218 2069 389 2119 impedit,
417 2068 519 2120 quod
537 2068 670 2113 elevat,
691 2067 793 2117 quod
811 2067 982 2113 deterret,
1003 2066 1104 2116 quod
1123 2079 1180 2104 re-

92 2122 216 2165 futat;
245 2122 305 2159 vel
328 2121 430 2172 quod
455 2121 580 2171 ipsum
608 2127 791 2157 oratorem
816 2119 977 2169 politum
1007 2130 1084 2156 esse
1112 2119 1180 2156 ho-

93 2174 235 2213 minem
260 2173 457 2223 significat,
484 2173 586 2223 quod
612 2171 815 2218 eruditum,
843 2171 944 2221 quod
964 2172 1176 2218 urbanum;

145 2227 336 2272 (Rhe-tor.)
358 2236 459 2263 voL.
483 2237 510 2262 1.
838 2234 863 2260 z
