1429 2344
174 79 222 118 16
276 79 352 119 DE
382 80 770 133 INVENTIONE,
801 82 898 123 11111.
916 83 949 124 Ι.
980 83 1083 125 CAP.
1104 83 1164 131 17.

168 195 235 226 aut
253 188 292 225 in
312 188 456 238 odium,
477 198 544 228 aut
561 191 600 228 in
619 192 815 241 invidiam,
836 201 902 230 aut
919 193 960 230 in
984 192 1274 231 contemtionem

168 241 410 281 adducemus.
451 244 500 281 In
526 245 657 282 odium
683 246 928 294 adducentur,
960 247 990 284 si
1016 247 1118 297 quod
1143 259 1273 284 eorum

169 308 314 345 spurce,
344 299 514 347 superbe,
541 299 754 348 crudeliter,
779 300 964 337 malitiose
988 300 1131 337 factum
1150 298 1275 350 profe-

167 356 295 394 retur3
327 349 367 387 in
386 350 582 400 invidiam,
609 353 640 389 si
667 353 721 390 vis
740 365 883 401 eorum,
910 354 1090 403 potentia,
1117 353 1273 400 divitiae,

168 403 354 452 cognatio,
375 405 545 454 pecuniae
565 406 812 455 proferentur,
833 415 946 457 atque
961 419 1090 444 eorum
1109 419 1200 444 usus
1218 419 1277 443 ar-

167 468 303 505 rogans
322 463 358 493 et
376 457 641 503 intolerabihs3
663 467 706 496 ut
724 459 783 497 his
801 462 912 497 rebus
926 460 1048 510 magis
1067 460 1277 506 videantur,

171 522 289 559 quam
309 522 431 548 causae
450 524 543 559 suae,
564 512 771 550 confidere:
793 513 834 550 in
853 513 1142 551 contemtionem
1161 512 1281 550 addu-

170 570 315 609 centur,
344 563 374 600 si
393 577 525 602 eorum
543 565 691 613 inertia,
718 577 792 616 neg
810 566 961 613 ‘oentia‚
992 566 1156 616 ignavia,
1183 565 1280 603 desi-

170 616 320 653 diosum
351 617 534 667 studium,
566 625 603 656 et
633 619 874 657 luxuriosum
907 620 1028 657 otium
1057 619 1277 670 proferetur.

169 670 236 707 Ab
267 670 485 708 auditorum
513 672 673 722 persona
701 673 963 711 benevolentia
991 673 1217 723 captabitur,
1248 673 1279 710 si

168 736 226 760 res
246 724 293 760 ab
312 723 371 761 his
389 724 546 774 fortiter,
568 725 768 776 sapienter,
794 733 990 764 mansuete
1015 734 1129 776 gestae
1155 726 1280 777 profe-

168 784 312 824 rentur,
332 784 377 815 ut
395 789 442 815 ne
457 792 533 829 qua
551 779 750 817 assentatio
770 780 890 818 nimia
908 780 1163 830 significetur3
1193 787 1231 817 et
1249 779 1280 817 si

168 830 215 867 de
234 830 306 878 his,
336 843 452 881 quam
472 832 627 870 honesta
646 833 886 882 existimatio,
914 841 1131 885 quantaque
1149 845 1281 871 eorum

164 883 300 931 judicii
325 892 361 921 et
379 886 609 923 auctoritatis
628 887 855 936 exspectatio
879 887 940 935 sit,
961 887 1198 925 ostendetur.
1230 888 1278 925 ab

167 937 257 987 ipsis
276 939 400 985 rebus,
422 939 452 976 si
471 947 638 977 nostram
657 953 808 978 causam
827 941 1018 978 laudando
1037 940 1275 988 extollemus,

166 990 464 1030 adversariorum
494 1006 646 1031 causam
676 1006 743 1043 per
767 994 1059 1032 contemtionem
1089 993 1276 1044 deprime-

166 1057 264 1082 mus.
293 1045 473 1083 Attentos
491 1054 619 1084 autem
645 1046 840 1096 faciemus,
868 1048 900 1086 si
918 1047 1275 1095 demonstrabimus,

166 1111 224 1145 ea,
255 1112 343 1150 quae
368 1099 504 1137 dicturi
530 1101 683 1149 erimus,
714 1113 868 1151 magna,
900 1113 1011 1149 nova,
1041 1100 1277 1138 incredibilia

165 1164 257 1199 esse,
278 1160 345 1190 aut
363 1153 411 1191 ad
429 1166 573 1203 omnes,
594 1161 659 1191 aut
683 1154 732 1192 ad
757 1167 818 1192 eos
843 1155 912 1206 qui
929 1155 1103 1203 audiunt,
1135 1161 1203 1192 aut
1227 1154 1277 1191 ad

166 1205 313 1256 aliquos
337 1207 500 1245 illustres
527 1208 713 1257 homines,
745 1216 811 1246 aut
837 1208 885 1246 ad
907 1208 1011 1246 Deos
1028 1208 1276 1257 immortales,

166 1266 233 1296 aut
252 1259 300 1296 ad
326 1273 518 1298 summam
544 1261 818 1312 rempublicam
843 1262 1055 1312 pertinere3
1085 1269 1122 1299 et
1146 1262 1177 1299 si
1194 1261 1279 1311 pol-

165 1312 378 1362 licebimur,
407 1327 475 1352 nos
501 1316 606 1353 brevi
631 1323 797 1353 nostram
824 1328 977 1353 causam
1002 1316 1278 1353 demonstratu-

165 1378 239 1413 ros,
260 1373 373 1418 atque
388 1381 620 1418 exponemus
631 1369 916 1417 judicationem,
932 1377 999 1406 aut
1013 1368 1276 1417 judicationes,

166 1419 197 1456 si
215 1420 342 1470 plures
361 1429 481 1459 erunt.
511 1422 664 1460 Dociles
679 1422 866 1460 auditores
885 1422 1080 1469 faciemus,
1101 1422 1132 1459 si
1151 1428 1277 1472 aperte

166 1480 204 1510 et
222 1474 383 1511 breviter
408 1488 600 1513 summam
625 1489 749 1514 causae
767 1489 1024 1527 exponemus3
1057 1476 1127 1513 hoc
1146 1482 1215 1523 est,
1235 1474 1275 1512 in

166 1539 243 1576 quo
262 1528 437 1566 consistat
461 1529 710 1567 controversia
723 1544 749 1566 ε.
763 1542 854 1567 nam
873 1536 909 1567 et
927 1542 1015 1567 cum
1034 1529 1194 1567 docilem
1212 1541 1276 1566 ve-

165 1581 212 1616 lis
242 1580 376 1628 facere,
408 1582 523 1619 simul
552 1590 740 1620 attentum
772 1583 886 1620 facias
914 1589 1085 1633 oportet3
1123 1594 1214 1619 nam
1243 1581 1276 1619 is

166 1634 335 1672 maxime
355 1635 484 1674 docilis
504 1643 571 1684 est,
600 1636 666 1687 qui
693 1637 938 1675 attentissime
965 1644 1020 1674 est
1036 1642 1190 1687 paratus
1208 1647 1277 1672 au-

167 1687 258 1724 dire.

220 1741 362 1779 XVII.
393 1742 524 1791 Nunc,
551 1743 820 1782 insinuationes
838 1742 1162 1796 quemadmodum
1181 1748 1277 1780 trac-

166 1795 237 1831 tari
256 1796 464 1845 conveniat,
486 1797 660 1848 deinceps
686 1797 889 1835 dicendum
907 1797 1066 1834 videtur.
1097 1796 1276 1834 Insinua-

165 1848 267 1885 tione
300 1849 416 1898 igitur
455 1851 642 1888 utendum
673 1858 740 1898 est,
779 1864 867 1888 cum
901 1849 1122 1887 admirabile
1154 1861 1275 1899 genus

164 1914 287 1938 eausae
306 1910 384 1946 est;
415 1902 485 1941 hoc
516 1912 583 1951 est,
615 1911 658 1941 ut
683 1911 770 1941 ante
795 1904 977 1948 diximus,
1008 1916 1096 1941 cum
1122 1903 1273 1941 animus

164 1955 344 1993 auditoris
363 1956 520 1994 infestus
539 1965 604 1994 est.
645 1957 694 1994 Id
719 1966 847 1995 autem
872 1958 993 1995 tribus
1018 1969 1065 1994 ex
1090 1956 1210 1993 causis
1228 1955 1272 1993 fit

163 2009 357 2054 maxime3
390 2010 420 2047 si
445 2018 512 2047 aut
536 2011 633 2048 inest
657 2011 697 2048 in
716 2011 798 2061 ipsa
817 2011 930 2048 causa
947 2010 1124 2062 quaedam
1150 2009 1272 2059 turpi-

164 2062 270 2110 tudo,
303 2070 369 2100 aut
397 2064 445 2101 ab
475 2064 534 2111 iis,
566 2064 634 2115 qui
659 2071 746 2102 ante
764 2064 955 2111 dixerunt,
983 2065 1066 2113 jam
1084 2062 1270 2113 quiddam

162 2115 324 2153 auditori
341 2130 563 2167 persuasum
582 2117 742 2166 videtur,
763 2125 830 2155 aut
848 2130 891 2156 eo
905 2125 1073 2168 tempore
1090 2116 1195 2154 locus
1212 2115 1270 2152 di-

159 2169 268 2206 cendi
286 2169 411 2219 datur,
429 2183 518 2210 cum
539 2172 622 2220 jam
645 2171 716 2221 illi,
744 2184 840 2223 quos
864 2170 994 2210 audire
1018 2175 1178 2222 oportet,
1204 2167 1270 2207 de-
