1429 2344
218 75 298 114 322
345 74 423 116 DE
451 74 747 126 ORATORE,
777 76 876 115 LIB·
897 75 980 114 ΙΙΙ.
1011 74 1116 115 CAP.
1132 74 1198 114 31.

220 182 354 222 eadem
371 182 474 222 enim
493 190 582 222 sunt
599 183 800 222 membra
789 196 829 222 111
848 183 1046 234 utriusque
1063 179 1328 233 disputationi-

219 238 305 285 bus,
334 237 399 275 sed
423 237 538 289 paulo
564 250 669 276 secus
693 250 717 275 a
741 250 804 276 me
828 244 942 288 atque
968 239 1016 275 ab
1043 236 1110 274 illo
1128 235 1267 286 partita
1284 247 1328 273 ac

221 289 435 329 distributa.
481 291 600 329 Nunc
627 290 677 328 ad
700 290 847 342 reliqua
872 289 1103 341 progrediar,
1122 301 1261 339 meque
1279 287 1329 325 ad

220 355 353 381 meum
378 356 521 382 munus
541 356 779 404 pensumque
804 345 995 382 revocabo.
1035 343 1156 391 Nam,
1180 354 1228 379 ex
1253 341 1330 380 illis

222 396 314 435 locis
342 410 437 448 quos
462 397 636 448 exposuit
657 396 867 444 Antonius,
887 397 1016 435 onmia
1033 403 1135 443 sunt,
1156 395 1205 433 ad
1223 408 1329 446 quae-

222 463 298 501 que
323 463 460 501 genera
484 450 752 501 quaestionum,
778 457 1003 510 argumenta
1027 448 1233 487 sumenda:
1264 447 1329 487 sed

222 503 305 542 aliis
331 504 530 554 generibus
559 503 624 541 alii
647 504 721 541 loci
745 504 867 554 magis
893 510 1003 541 erunt
1028 503 1135 553 apti3
1165 502 1212 539 de
1235 514 1327 552 quo,

222 569 301 595 non
326 564 406 594 tam
431 557 522 608 quia
545 557 706 607 longum
731 563 799 606 est,
826 569 943 608 quam
962 556 1053 608 quia
1069 556 1327 608 perspicuum,

225 610 300 647 dici
319 610 415 647 nihil
434 618 490 648 est
507 623 667 649 necesse.

279 663 542 702 Ornatissimae
567 671 655 702 sunt
680 663 796 730 igitur
820 663 1004 702 orationes
1031 675 1098 710 eae,
1118 675 1204 714 quae
1227 661 1332 700 latis-

224 717 320 756 sime
333 724 532 778 vagantur,
547 724 596 766 et,
616 731 639 755 a
656 718 804 769 privata
817 731 860 755 ac
874 716 1055 768 singulari
1067 716 1330 765 controversia,

225 784 264 809 se
283 771 332 809 ad
350 771 515 810 universi
532 772 679 832 generis
697 771 775 810 vim
795 770 1057 822 explicandam
1075 769 1273 808 conferunt
1295 776 1333 807 et

226 831 479 871 convertunt;
507 832 552 862 ut
569 825 596 862 11
615 825 682 890 qui
701 825 870 873 audiant,
891 824 1041 885 natura,
1062 830 1099 861 et
1125 835 1274 873 genere,
1295 829 1333 860 81

226 878 403 916 universa
426 892 466 917 re
491 879 655 930 cognita,
676 878 723 917 de
748 853 906 929 singulis
927 878 1013 925 reis,
1033 883 1070 915 et
1096 876 1332 924 criminibus,

227 938 265 970 et
281 932 413 969 litibus
431 939 592 970 statuere
615 932 771 983 possint.
812 932 926 970 Hanc
951 931 1000 969 ad
1024 929 1334 968 consuetudinem

227 985 502 1024 exercitationis
520 999 599 1034 vos,
619 986 882 1046 adolescentes,
903 992 958 1023 est
976 984 1189 1023 cohortatus
1206 983 1335 1020 Anto-

228 1039 341 1084 nius,
330 1052 340 1062 ·
371 1046 499 1090 atque,
520 1053 542 1078 a
555 1039 712 1077 minutis
724 1039 969 1090 angustisque
982 1036 1332 1085 concertationibus,

228 1092 278 1130 ad
296 1104 450 1130 omnem
468 1093 546 1131 vim
565 1093 858 1143 varietatemque
881 1105 947 1131 vos
972 1090 1176 1129 disserendi
1203 1090 1335 1127 tradu-

229 1146 365 1184 cendos
383 1147 542 1197 putavit.
572 1147 702 1195 Quare
720 1159 796 1184 non
815 1153 870 1184 est
887 1157 1095 1197 paucorum
1116 1143 1335 1182 libellorum

228 1199 301 1237 hoc
319 1212 475 1248 munus,
494 1208 539 1238 ut
556 1200 597 1249 ii,
618 1200 685 1252 qui
703 1200 928 1251 scripserunt
946 1199 992 1237 de
1011 1197 1158 1236 dicendi
1176 1196 1335 1246 ratione,

230 1252 401 1290 arbitrati
419 1260 521 1302 sunt,
541 1266 665 1304 neque
691 1253 917 1302 Tusculani,
935 1259 1048 1303 atque
1065 1251 1181 1300 hujus
1199 1251 1337 1288 ambu-

228 1305 379 1344 lationis
398 1282 715 1355 antenieridianae,
736 1313 803 1345 aut
820 1313 956 1345 nostrae
974 1303 1242 1356 pomeridianae
1260 1316 1337 1342 ses-

229 1359 356 1397 sionis.
399 1360 492 1398 Non
517 1361 619 1398 enim
638 1361 762 1399 solum
781 1360 948 1398 acuenda
965 1358 1074 1397 nobis
1099 1370 1222 1408 neque
1246 1370 1336 1408 pro-

230 1413 403 1451 cudenda
415 1413 549 1464 lingua
567 1421 636 1462 est,
655 1414 720 1452 sed
738 1412 973 1452 onerandum
992 1411 1338 1462 complendumque

229 1473 361 1518 pectus
378 1467 636 1505 maximarum
654 1481 781 1504 rerum
803 1475 841 1504 et
865 1466 1120 1517 plurimarum
1137 1464 1335 1514 suavitate,

232 1519 354 1570 copia,
372 1520 561 1557 varietate.

284 1573 446 1610 XXXI.
476 1573 618 1610 Nostra
634 1579 689 1610 est
707 1571 809 1610 enim
829 1571 877 1615 (si
889 1572 1003 1610 modo
1016 1584 1084 1610 nos
1098 1577 1259 1609 oratores
1271 1583 1336 1608 su-

230 1638 332 1673 mus,
354 1625 384 1663 si
402 1626 443 1663 111
470 1625 610 1663 civium
629 1625 973 1676 disceptationibus,
994 1625 1025 1663 si
1042 1625 1082 1662 in
1096 1624 1285 1676 periculis,
1306 1623 1338 1661 si

230 1679 272 1717 in
304 1678 633 1716 deliberationibus
663 1679 840 1730 publicis,
873 1679 1077 1717 adhibendi
1103 1685 1271 1716 auctores
1299 1684 1337 1715 et

230 1731 418 1784 principes
437 1738 584 1778 sumus)
603 1740 729 1770 nostra
747 1739 815 1779 est,
834 1732 1007 1783 inquam,
1019 1731 1142 1770 omnis
1155 1730 1227 1768 ista
1243 1742 1336 1781 pru-

231 1786 369 1824 dentiae
404 1784 657 1836 doctrinaeque
686 1785 879 1837 possessio,
916 1785 958 1822 in
994 1797 1111 1836 quam
1146 1783 1333 1832 11011111185,

233 1839 344 1890 quasi
362 1839 542 1877 caducam
562 1845 675 1888 atque
693 1851 909 1886 vacuam,a
886 1839 1120 1876 abundantes
1138 1837 1228 1885 otio,
1250 1839 1335 1879 (no-

229 1893 289 1932 bis
308 1892 512 1944 occupatis)
531 1891 806 1939 involaverunt,
826 1898 940 1943 atque
958 1892 1072 1930 etiam
1090 1898 1157 1929 aut
1174 1890 1333 1928 irriden-

231 1954 288 1985 tes
307 1954 505 1993 oratorem,
525 1951 568 1983 ut
585 1945 677 1983 ille
667 1958 707 1983 m
727 1945 871 1996 Gorgia
889 1945 1072 1992 Socrates,
1092 1944 1331 1992 cavillantur,

231 2008 298 2039 aut
312 1999 457 2052 aliquid
474 1999 521 2038 de
538 1999 691 2037 oratoris
710 2006 788 2037 arte
805 1998 934 2050 paucis
946 1998 1171 2050 praecipiunt
1180 1996 1332 2046 libellis,

232 2067 370 2105 eosque
388 2053 589 2091 rhetoricos
606 2051 840 2099 inscribunt;
870 2052 979 2104 quasi
989 2064 1066 2090 non
1080 2051 1146 2090 illa
1160 2050 1235 2089 sint
1245 2062 1334 2101 pro·-

230 2108 315 2159 pria
331 2107 539 2155 rhetorum,
560 2119 646 2158 quae
663 2107 711 2145 ab
729 2106 863 2145 115(18111
880 2105 928 2144 de
941 2105 1104 2155 justitia,
1124 2105 1171 2143 de
1193 2102 1331 2152 officio,

228 2162 275 2201 de
293 2160 505 2200 civitatibus
527 2159 766 2200 instituendis
793 2166 831 2199 et
854 2159 1041 2211 regendis,
1067 2159 1115 2199 de
1139 2157 1245 2198 omni
1274 2156 1332 2196 vi-
