1407 2324
188 73 264 113 DE
284 73 488 116 CLARIS
507 74 894 124 ORATORIBUS,
915 74 1020 114 CAP.
1041 75 1105 119 47.
1132 75 1214 114 399

117 179 202 219 fuit.
241 181 364 232 Apud
381 183 542 232 majores
566 190 693 220 autern
718 190 862 220 nostros
887 181 995 220 video
1019 180 1216 220 disertissi-

120 245 229 271 mum
248 234 421 274 habitum
453 249 499 274 ex
520 236 631 274 Latio
654 236 701 274 L.
719 235 917 286 Papirium
936 235 1217 295 Fregellanum,

121 285 185 325 Ti.
207 287 382 337 Gracchi,
411 289 455 327 P.
477 289 522 327 F.
542 290 618 327 fere
637 297 767 327 aetate:
799 290 879 338 ejus
898 288 1011 326 etiam
1030 287 1146 326 oratio
1166 295 1222 326 est

121 353 190 391 pro
201 340 445 391 Fregellanis,
460 343 688 393 coloniisque
703 343 864 389 Latinis,
879 341 1031 379 habita
1022 354 1061 378 ι1ι
1076 348 1220 379 senatu.

175 393 282 431 Tum
307 395 466 444 Brutus,
495 396 601 443 Quid
620 404 661 434 tu
680 396 809 445 igitur,
833 395 970 445 inquit,
991 394 1124 432 tribuis
1141 393 1222 432 istis

122 447 284 485 externis
299 449 406 498 quasi
420 450 658 487 oratoribus?
688 449 794 495 Quid
809 461 946 496 censes,
963 448 1134 498 inquam,
1150 446 1224 484 nisi

123 499 239 548 idem,
260 501 362 551 quod
381 502 547 549 urbanis,
567 510 700 552 praeter
718 515 854 562 unum,
874 501 976 552 quod
994 513 1069 538 non
1089 507 1143 538 est
1162 512 1224 537 eo-

126 565 213 591 rum
239 555 451 593 urbanitate
477 556 642 616 quadam
670 556 776 605 quasi
802 555 965 593 colorata
988 554 1134 592 oratio?
1168 552 1223 591 Et

127 606 286 653 Brutus,
307 608 389 655 Qui
407 616 474 657 est,
494 609 631 659 inquit,
652 608 721 646 iste
740 608 892 646 tandem
916 607 1137 645 urbanitatis
1163 619 1224 645 co-

125 660 213 698 lor?
243 661 395 710 Nescio,
423 662 605 713 inquam:
634 668 783 699 tantum
811 673 888 699 esse
912 660 1117 711 quemdam
1135 660 1222 698 scio.

129 712 176 750 Id
195 720 252 761 tu,
272 714 437 762 Brute,
423 728 504 763 Jam
517 715 716 765 intelliges,
731 727 819 752 cum
833 714 873 751 in
889 714 1055 751 Galliam
1069 714 1225 751 veneris.

128 766 277 804 Audies
303 775 345 804 tu
373 768 527 818 quidem
556 768 670 806 etiam
697 770 811 806 verba
834 767 1009 818 quaedam
1034 778 1110 804 non
1138 766 1226 804 trita

130 820 289 857 Romae:
320 820 385 858 sed
410 821 491 859 haec
513 822 667 867 mutari,
687 821 900 871 dediscique
918 826 1098 871 possunt.
1127 819 1225 857 illud

129 880 185 910 est
208 874 347 922 majus,
367 874 470 924 quod
493 874 533 912 in
559 875 711 913 vocibus
729 881 941 912 nostrorum
959 881 1149 911 oratorum
1167 885 1226 910 re-

128 925 220 963 cinit
245 926 428 977 quiddam
453 934 490 965 et
513 934 660 966 resonat
677 927 880 965 urbanius:
910 939 979 964 nec
996 926 1067 964 hoc
1084 926 1126 964 in
1143 938 1226 964 ora-

131 979 273 1017 toribus
291 979 404 1018 modo
418 988 585 1031 apparet,
601 981 667 1018 sed
686 980 799 1018 etiam
812 980 852 1017 in
866 979 1017 1018 caeteris.
1046 979 1132 1030 Ego
1147 991 1226 1017 me-

131 1032 227 1070 mini
255 1032 305 1070 T.
325 1032 487 1071 Tincam
518 1033 796 1080 Placentinum,
826 1033 1020 1071 hominem
1049 1032 1227 1070 facetissi-

131 1097 256 1132 11111111,
285 1098 373 1124 811111
397 1086 574 1124 familiari
598 1094 724 1125 nostro
743 1086 794 1133 Q.
816 1086 958 1124 Granio
976 1097 1145 1137 praecone
1169 1084 1228 1122 di-

134 1138 287 1177 cacitate
311 1147 460 1178 certare.
489 1139 606 1188 Eon',
625 1139 750 1190 inquit
768 1140 927 1186 Brutus,
947 1138 994 1176 de
1012 1151 1087 1189 quo
1105 1138 1229 1176 multa

136 1191 329 1230 Lucilius.
320 1200 334 1220 ν·
365 1193 471 1231 Isto
462 1206 563 1244 ipso.
585 1193 650 1230 sed
668 1193 845 1239 Tincam,
865 1204 941 1230 non
959 1192 1087 1230 minus
1107 1191 1231 1229 multa

135 1245 293 1282 ridicule
318 1245 517 1293 dicentem,
545 1245 710 1284 Granius
736 1246 918 1284 obruebat
936 1245 1059 1282 nescio
1077 1257 1153 1295 quo
1171 1257 1231 1282 sa-

136 1310 226 1349 pore
244 1299 468 1344 vemaculo;
497 1306 541 1337 ut
559 1312 628 1349 ego
643 1300 724 1347 J'arn
742 1311 818 1336 non
836 1298 963 1345 mirer,
988 1297 1085 1335 illud
1103 1297 1231 1335 Theo-

134 1350 287 1402 phrasw
297 1351 484 1400 accidisse,
500 1352 602 1403 quod
620 1352 768 1397 dicitur,
789 1364 876 1389 cum
893 1357 1171 1401 percontaretur
1185 1362 1232 1387 ex

136 1404 287 1442 anicula
300 1404 480 1454 quadam,
501 1405 634 1455 quanti
651 1405 796 1455 aliquid
810 1404 984 1441 venderet
997 1417 1009 1449 3
1031 1411 1067 1441 et
1079 1415 1231 1454 respon-

138 1456 252 1494 disset
269 1457 348 1503 illa,
368 1465 481 1508 atque
499 1457 713 1505 addidisset,
735 1461 762 1480 “
780 1457 942 1507 Hospes,
962 1469 1038 1494 non
1056 1464 1143 1506 pote
1161 1456 1233 1493 mi-

139 1510 262 1547 noris.
252 1510 291 1533 ·”
312 1509 440 1548 tulisse
454 1523 541 1548 eum
559 1511 727 1557 moleste,
748 1524 786 1548 se
803 1523 879 1548 non
898 1509 1060 1560 effugere
1077 1508 1234 1559 hospitis

139 1563 315 1613 speciem,
334 1575 423 1600 cum
442 1570 588 1601 aetatem
607 1571 732 1613 ageret
749 1563 926 1610 Athenis,
947 1563 1162 1623 optimeque
1179 1562 1235 1599 lo-

141 1623 330 1667 queretur.
369 1616 554 1663 Omnino,
575 1616 670 1654 sicut
687 1616 832 1667 opinor,
852 1616 892 1653 in
916 1615 1050 1653 nostris
1074 1623 1129 1653 est
1152 1614 1237 1665 qui

142 1672 231 1706 dam
257 1671 503 1717 urbanorum,
529 1670 625 1708 sicut
646 1670 725 1707 illic
748 1669 980 1716 Atticorum,
1007 1680 1142 1706 sonus:
1173 1666 1238 1705 sed

143 1721 302 1760 domum
321 1723 541 1768 redeamus,
570 1723 610 1759 id
628 1731 696 1770 est,
716 1723 764 1760 ad
782 1730 924 1760 nostros
941 1729 1184 1759 revertamur.

196 1775 375 1813 XLVII.
405 1774 567 1813 Duobus
590 1775 706 1825 igitur
731 1775 903 1822 summis,
930 1774 1064 1812 Crasso
1090 1781 1127 1812 et
1151 1774 1238 1811 An·

143 1828 260 1874 tonio,
287 1827 335 1865 L.
357 1828 558 1879 Philippus
581 1829 777 1879 proximus
801 1828 1012 1875 accedebat,
1038 1827 1102 1865 sed
1126 1827 1240 1877 longo

143 1880 340 1919 intervallo
364 1888 493 1920 tamen
514 1882 721 1933 proximus.
763 1880 901 1932 Itaque
919 1894 1021 1928 eum,
1042 1880 1110 1918 etsi
1128 1891 1240 1917 nemo

144 1933 408 1982 intercedebat,
434 1934 502 1986 qui
526 1948 564 1973 se
582 1935 638 1972 illi
655 1934 867 1982 anteferret,
894 1947 1016 1993 neque
1034 1932 1240 1971 secundum

145 1994 287 2035 tamen,
301 1999 425 2038 neque
438 1988 591 2026 tertium
608 1987 780 2026 dixerim.
811 1988 893 2026 Nec
912 1987 1012 2024 enim
1030 1986 1071 2022 in
1089 1985 1242 2036 quadri-

145 2039 204 2090 gis
232 2053 320 2078 eum
348 2040 554 2079 secundum
580 2041 869 2086 numeraverim,
896 2046 962 2078 aut
989 2039 1156 2085 tertium,
1176 2038 1242 2088 qui

148 2092 213 2130 vix
238 2105 259 2132 e
282 2094 488 2132 carceribus
513 2093 657 2139 exierit,
684 2106 771 2132 811111
796 2093 964 2144 palmam
988 2092 1069 2140 jam
1097 2091 1243 2142 primun

145 2147 326 2197 acceperit
336 2160 357 2194 ς,
379 2159 446 2185 1188
459 2146 499 2184 111
519 2147 741 2192 oratoribus,
761 2146 828 2197 qui
847 2152 997 2185 tantum
1012 2144 1109 2183 absit
1128 2157 1150 2182 a
1167 2144 1244 2195 pri-
