1429 2344
135 72 210 112 164
284 68 362 111 DE
390 66 688 117 ORATORE,
721 66 819 105 LIB.
843 67 877 105 Ι.
908 66 1013 106 CAP.
1029 67 1094 106 39.

135 191 224 219 cum
248 178 408 217 domum
433 176 551 215 falsus
571 177 618 213 ab
638 174 802 213 exercitu
829 175 986 213 nuntius
1012 173 1186 223 venisset,
1214 181 1251 213 et

136 240 243 286 pater
275 234 371 293 ejus,
406 244 446 269 re
478 229 634 277 credita,
667 236 939 267 testamentum
970 228 1169 277 mutasset,
1198 235 1250 275 et,

137 300 254 339 quem
273 287 307 324 ei
322 286 446 323 visum
466 290 574 331 esset,
595 283 741 321 fecisset
758 283 962 331 haeredem,
983 289 1153 333 essetque
1171 283 1253 333 ipse

137 348 336 379 mortuus·
325 368 336 384 ,
365 352 423 376 res
442 338 567 376 delata
593 344 647 375 est
666 337 714 374 ad
740 337 1007 384 centumviros,
1028 349 1116 374 cum
1141 336 1254 374 miles

138 395 298 432 domum
324 393 538 437 revenisset
571 392 781 442 egissetque
809 392 892 441 lege
921 391 963 428 in
992 390 1252 428 haereditatem

138 455 337 500 paternam
355 445 598 495 [testamento
614 445 778 483 exhaeres
793 445 940 496 filius].
931 447 948 470 '³
979 444 1160 495 Nempe
1149 457 1190 481 m
1209 457 1255 482 ea.

138 515 254 540 causa
278 501 486 552 quaesitum
501 506 557 537 est
575 499 652 537 de
638 511 725 547 Jure
744 499 858 546 civili,
884 505 1058 548 possetne
1079 504 1255 548 paterno-

139 569 227 594 rum
245 557 434 593 bonorum
453 554 620 591 exhaeres
645 565 723 590 esse
741 552 856 599 filius,
877 565 994 603 quem
1012 558 1119 602 pater
1144 558 1256 590 testa-

140 616 271 648 mento
289 621 414 659 neque
430 606 620 646 haeredem
639 619 764 658 neque
789 606 1029 644 exhaeredem
1053 605 1258 657 scripsisset

142 663 373 702 nominatim
388 664 406 700 ’ἓ

195 715 402 755 XXXIX.
432 714 574 763 Quid?
604 713 683 765 qua
711 713 758 751 de
787 726 827 751 re
856 713 955 752 inter
985 711 1191 752 Marcellos
1220 721 1259 752 et

143 771 324 809 Claudios
341 769 517 821 patricios
542 767 768 807 centumviri
783 767 1018 816 judicarunt,
1039 780 1128 805 cum
1149 767 1258 806 Mar-

144 825 229 863 celli
255 826 302 862 ab
327 823 453 862 liberti
478 823 557 861 filio
583 822 712 873 stirpe,
740 821 893 859 Claudii
917 821 1064 872 patricii
1089 821 1261 870 ejusdem

144 878 311 917 hominis
337 877 596 915 haereditatem
615 883 740 926 gente,
767 875 816 912 ad
841 888 880 913 se
898 875 1050 913 rediisse
1068 875 1258 922 dicerent3

144 945 271 970 nonne
295 931 336 968 in
362 931 407 969 ea
433 931 546 969 caus&
570 930 645 967 fuit
670 929 878 968 oratoribus
898 929 945 967 de
963 936 1042 967 toto
1067 929 1192 981 stirpis
1217 943 1263 969 ac

145 985 366 1037 gentilitatis
396 986 482 1033 jure
514 984 749 1022 dicendum?
791 983 931 1031 Quid?
960 983 1063 1033 quod
1094 983 1185 1021 item
1219 984 1261 1022 in

144 1039 409 1078 centumvirali
435 1038 580 1087 judicio
612 1044 797 1075 certatum
827 1050 905 1074 esse
935 1037 1162 1088 accepimus,
1194 1038 1263 1089 qui

146 1094 315 1132 Romam
334 1093 375 1130 in
395 1092 573 1130 exsilium
587 1091 762 1138 venisset,
778 1090 840 1128 cui
859 1091 997 1128 Romae
1016 1091 1188 1129 exsulare
1198 1093 1263 1141 jus

145 1154 254 1194 esset,
276 1147 307 1185 si
326 1159 364 1184 se
383 1146 431 1184 ad
445 1146 614 1197 aliquem
633 1145 741 1196 quasi
760 1151 965 1195 patronum
985 1145 1262 1196 applicavisset,

145 1201 398 1251 intestatoque
413 1207 507 1237 esset
524 1206 723 1236 mortuus·
712 1227 724 1244 ‚
793 1198 814 1218 *
837 1198 1006 1236 *nonne
1024 1199 1065 1236 in
1085 1212 1130 1237 ea
1148 1200 1263 1238 causa

143 1256 208 1305 jus
233 1254 508 1305 applicationis,
536 1255 740 1291 obscurum
766 1264 867 1289 sane
880 1259 917 1289 et
941 1252 1131 1303 ignotum,
1157 1260 1264 1304 pate-

147 1308 294 1346 factum
318 1308 359 1345 in
383 1307 529 1356 judicio
555 1314 592 1344 at
595 1319 669 1359 que
693 1306 745 1343 in
738 1312 926 1343 ustratum
951 1313 1007 1344 est
1032 1320 1055 1344 a
1072 1311 1263 1358 patrono?

150 1361 291 1409 Quid?
327 1374 463 1412 nuper
499 1373 588 1405 cum
622 1373 691 1410 ego
725 1360 770 1397 C.
800 1360 921 1410 Sergii
946 1360 1108 1398 Auratae
1135 1368 1267 1400 contra

148 1416 253 1454 hunc
270 1422 445 1453 nostrum
463 1414 683 1452 Antonium
698 1413 842 1463 judicio
861 1414 1009 1464 privato
1027 1427 1181 1453 causam
1199 1415 1266 1454 de-

148 1469 368 1514 fenderem3
399 1481 525 1507 nonne
550 1467 674 1506 omnis
700 1474 828 1505 nostra
850 1467 892 1505 in
913 1468 1002 1516 jure
1027 1475 1172 1507 versata
1199 1469 1266 1508 de-

150 1523 272 1561 fensio
306 1525 391 1561 est?
435 1523 538 1560 Cum
569 1522 672 1560 enim
705 1521 857 1559 Marius
890 1521 1137 1561 Gratidianus
1168 1523 1267 1562 aedes

150 1577 313 1615 Auratae
338 1575 579 1624 vendidisset,
607 1587 732 1626 neque
750 1575 887 1614 servire
905 1575 1114 1626 quamdam
1133 1590 1267 1616 earum

153 1631 295 1668 aedium
321 1636 483 1681 partem,
511 1630 550 1667 in
576 1628 758 1679 mancipii
780 1630 863 1679 lege
881 1629 1061 1675 dixisset3
1091 1629 1270 1670 defende-

151 1686 304 1731 bamus,
334 1683 523 1734 quidquid
544 1683 677 1721 fuisset
694 1683 926 1721 incommodi
943 1683 985 1721 in
1003 1684 1207 1735 mancipio,
1227 1685 1269 1723 id

151 1738 184 1776 si
209 1737 380 1777 venditor
410 1739 551 1785 scisset,
581 1749 707 1788 neque
735 1736 970 1784 declarasset,
997 1743 1174 1787 praestare
1202 1738 1270 1777 de-

153 1793 254 1830 bere.
303 1790 394 1838 Quo
419 1790 575 1841 quidem
604 1790 645 1827 in
670 1802 806 1841 genere
830 1790 1026 1828 familiaris
1051 1798 1177 1829 noster
1204 1791 1268 1831 ΪΜ.

152 1845 398 1905 Bucculeius,
426 1844 543 1881 homo
561 1856 685 1905 neque
703 1856 789 1881 meo
804 1843 948 1892 judicio
967 1844 1119 1893 stultus,
1144 1851 1182 1883 et
1199 1859 1269 1885 suo

130 1939 139 1944 ,
153 1899 264 1937 valde
283 1898 444 1949 sapiens,
466 1905 502 1935 et
521 1911 544 1934 a
559 1898 655 1946 juris
674 1896 799 1935 studio
817 1909 893 1935 non
912 1897 1131 1947 abhoriens,
1152 1899 1269 1938 simili

153 1952 195 1991 in
220 1966 261 1990 re
283 1951 450 2003 quodam
468 1951 583 1989 modo
601 1964 723 2002 nuper
741 1951 889 1989 erravit.
936 1951 979 1988 N
980 1964 1044 1989 am
1062 1965 1152 1990 curn
1171 1953 1270 1992 aedae

156 2006 204 2044 L.
221 2007 254 2044 F
258 2007 335 2044 ufio
360 2005 550 2051 venderet,
577 2004 617 2042 in
635 2004 827 2055 mancipio
845 2004 1009 2052 lumina,
1029 2005 1088 2043 uti
1107 2013 1192 2044 tum
1211 2020 1268 2046 es.

155 2066 252 2108 sent,
271 2060 326 2098 ita
338 2059 488 2110 recepit.
518 2033 653 2096 F'ufius
667 2065 811 2107 autem,
831 2058 947 2097 simul
965 2066 1080 2110 atque
1094 2060 1270 2099 aedificari

153 2121 320 2165 coeptum
349 2120 405 2151 est
428 2113 469 2150 in
495 2112 664 2163 quadam
693 2119 799 2163 parte
824 2112 942 2158 urbis,
970 2126 1056 2164 quae
1080 2113 1196 2152 modo
1220 2127 1268 2153 ex

151 2167 227 2207 inis
253 2167 397 2207 aedibus
420 2166 586 2218 conspici
616 2172 753 2218 posset,
785 2165 861 2216 egit
891 2166 1019 2216 statim
1049 2180 1138 2207 cum
1164 2167 1268 2208 Buc-
