1428 2308
285 63 363 102 DE
393 61 777 111 INVENTIONE‚
808 61 905 101 Lm.
927 62 960 102 I.
990 63 1094 103 CAP.
1114 65 1151 101 5.
1243 64 1268 100 5

162 171 272 209 detur
300 170 458 221 adeptus
486 170 532 217 is,
559 169 639 220 qui,
665 168 743 220 qua
767 181 806 207 re
831 169 1002 209 homines
1026 170 1152 209 bestiis
1170 182 1266 221 prae-

161 231 272 271 stent,
302 224 347 262 ea
375 224 415 261 in
441 236 480 261 re
505 223 724 261 hominibus
752 222 842 273 ipsis
867 225 1073 262 antecellat.
1122 224 1208 261 Hoc
1233 222 1264 260 si

134 285 135 288 ’
159 277 254 315 forte
268 289 344 315 non
364 275 497 314 natura
515 276 628 314 modo
642 289 764 327 neque
778 277 1039 315 exercitatione
1053 277 1261 322 conficitur,

159 343 291 368 verum
311 330 424 368 etiam
443 330 597 367 artificio
616 330 781 380 quodam
801 339 1063 380 comparatum
1084 343 1159 368 non
1175 331 1264 368 alie-

160 395 256 420 num
276 390 331 421 est
350 383 486 430 videre,
508 383 601 433 quid
619 383 746 420 dicant
764 383 804 429 ii,
825 384 892 434 qui
911 384 1085 434 quaedam
1111 386 1191 433 ejus
1209 384 1263 421 rei

159 444 347 488 praecepta
361 437 468 474 nobis
482 437 726 487 reliquerunt.
769 437 857 483 Sed,
878 444 1081 488 antequam
1101 437 1146 475 de
1164 451 1260 488 prae-

158 491 273 540 ceptis
291 490 458 528 oratoriis
477 490 660 536 dicamus,
681 490 828 527 videtur
846 490 1047 528 dicendum
1066 491 1112 528 de
1126 503 1261 541 genere

156 543 274 592 ipsius
303 543 405 590 artis,
434 543 479 580 de
498 543 632 589 officio,
653 543 698 580 de
717 543 804 591 fine,
825 543 871 580 de
890 544 1059 591 materia,
1080 544 1126 581 de
1144 545 1261 594 parti·

156 597 251 633 bus:
283 609 386 644 nam,
415 596 474 633 his
501 598 611 634 rebus
631 596 800 645 cognitis,
830 596 976 634 facilius
996 604 1032 634 et
1051 598 1260 647 expeditius

157 649 454 699 uniuscujusque
472 650 622 687 animus
640 649 762 700 ipsam
780 647 963 687 rationem
987 663 1030 688 ac
1051 651 1152 688 viam
1171 651 1260 688 artis

157 703 387 740 considerare
405 703 551 753 poterit.

211 756 261 794 V.
279 756 410 793 Civilis
425 755 599 806 quaedam
618 755 712 793 ratio
732 762 799 801 est,
816 768 900 805 quae
913 756 1044 793 multis
1059 763 1096 793 et
1108 757 1257 807 magnis

157 821 203 846 ex
233 811 344 847 rebus
373 815 526 846 constat.
573 808 671 856 Ejus
702 808 876 858 quaedam
905 821 1044 858 magna
1070 816 1107 847 et
1131 811 1259 860 ampla

155 875 241 912 pars
268 869 322 900 est
346 861 543 898 artificiosa
568 860 794 911 eloquentia,
816 874 931 911 quam
951 862 1172 900 rhetoricam
1191 877 1257 902 vo-

152 922 263 953 cant:
304 927 395 952 nam
427 926 550 964 neque
582 926 670 951 cum
702 913 747 950 iis
779 914 974 963 sentimus,
1009 915 1075 965 qui
1107 916 1256 954 civilem

152 968 346 1006 scientiam
366 967 581 1018 eloquentia
598 979 674 1004 non
692 973 829 1017 putant
853 967 1044 1017 indigere;
1075 975 1111 1006 et
1129 971 1176 1007 ab
1194 970 1255 1017 iis,

151 1022 220 1074 qui
239 1034 322 1060 eam
340 1027 476 1072 putant
501 1033 653 1058 omnem
678 1020 835 1057 rhetoris
854 1020 891 1057 vi
910 1028 946 1058 et
964 1021 1118 1059 artificio
1137 1023 1256 1060 conti-

152 1075 246 1122 neri,
266 1087 494 1124 magnopere
511 1073 774 1111 dissentimus:
806 1087 922 1124 quare
939 1073 1037 1112 hanc
1055 1076 1255 1113 oratoriam

152 1129 372 1167 facultatem
404 1128 444 1165 in
477 1140 520 1166 eo
552 1139 686 1177 genere
717 1139 914 1177 ponemus,
946 1134 990 1164 ut
1021 1140 1104 1165 eam
1136 1129 1255 1167 civilis

153 1182 316 1221 scientiae
333 1188 480 1232 partem
499 1193 576 1218 esse
595 1180 776 1217 dieamus.
823 1179 1006 1218 Officium
1025 1188 1152 1218 autem
1172 1183 1256 1230 ejus

152 1235 340 1274 facultatis
373 1234 520 1272 videtur
551 1246 641 1280 esse,
675 1233 796 1271 dicere
828 1233 995 1283 apposite
1025 1234 1073 1270 ad
1103 1248 1257 1284 persua.

152 1290 321 1333 sionem;
351 1287 451 1335 finis,
479 1287 701 1338 persuadere
732 1286 904 1324 dictione.
953 1286 1058 1325 Inter
1087 1288 1253 1326 officium

148 1349 279 1380 autem
309 1348 345 1380 et
369 1341 485 1378 finem
512 1340 584 1378 hoc
608 1340 772 1387 interest,
803 1339 904 1390 quod
929 1339 969 1376 in
995 1339 1129 1388 officio,
1162 1341 1256 1391 quid

150 1396 255 1441 fieri,
286 1395 324 1432 in
355 1394 443 1441 fine,
473 1393 565 1444 quid
590 1393 711 1431 officio
737 1392 945 1440 conveniat,
974 1393 1252 1432 consideratur:

150 1456 194 1486 ut
207 1447 344 1486 medici
358 1447 524 1485 officium
542 1446 702 1484 dicimus
721 1459 811 1492 esse,
833 1457 961 1483 curare
980 1445 1028 1482 ad
1043 1447 1254 1485 sanandum

150 1502 320 1552 apposite
334 1514 345 1546 ;
366 1501 494 1545 finem,
512 1512 641 1538 sanare
652 1499 865 1537 curatione:
886 1499 978 1536 item
993 1499 1147 1537 oratoris
1161 1500 1261 1550 quid‘

150 1555 331 1602 officium,
362 1560 398 1591 et
422 1553 515 1604 quid
541 1553 655 1590 finem
681 1565 758 1590 esse
782 1552 964 1599 dicamus,
983 1551 1253 1602 intelligemus,

151 1621 239 1646 cum
266 1607 320 1655 id,
349 1607 451 1658 quod.
477 1606 596 1644 facere
620 1605 743 1650 debet,
772 1605 938 1642 officium
964 1617 1040 1641 esse
1059 1605 1252 1644 dicemus:

149 1661 260 1707 illud,
280 1662 388 1709 cujus
407 1660 519 1698 causa
536 1659 656 1696 facere
674 1658 797 1705 debet,
818 1658 933 1695 finem
952 1658 1240 1708 appellabimus.

205 1714 410 1752 Materiam
429 1714 518 1751 artis
537 1725 619 1750 eam
639 1712 812 1759 dicimus,
832 1711 873 1747 in
891 1710 968 1761 qua
982 1711 1104 1748 omnis
1124 1725 1196 1758 ars,
1218 1719 1255 1750 et

153 1781 197 1806 ea
221 1767 380 1805 facultas
406 1779 491 1817 quae
516 1765 711 1803 conficitur
737 1777 784 1802 ex
803 1771 893 1811 arte,
916 1770 1093 1801 versatur.
1141 1765 1197 1803 Ut
1222 1767 1253 1803 si

152 1820 349 1859 medicinae
384 1819 582 1857 materiam
620 1819 788 1855 dicamus
825 1818 975 1854 morbos
1007 1830 1050 1854 ac
1082 1818 1251 1866 vulnera,

152 1874 255 1925 quod
273 1874 312 1911 in
331 1872 389 1910 his
408 1873 530 1910 omnis
548 1871 735 1909 medicina
760 1877 948 1914 versetur3
978 1870 1084 1917 item,
1114 1871 1252 1921 quibus

151 1928 191 1964 in
211 1929 322 1964 rebus
340 1932 506 1963 versatur
521 1938 579 1962 ars
598 1931 634 1962 et
652 1924 809 1961 facultas
828 1922 1000 1969 oratoria,
1021 1935 1081 1960 eas
1100 1936 1157 1960 res
1171 1937 1251 1961 ma-

152 1980 286 2018 teriam
305 1979 394 2016 artis
412 1978 602 2015 rhetoricae
620 1977 873 2014 nominamus.
922 1976 1005 2013 Has
1032 1983 1161 2012 autem
1180 1990 1250 2025 res,

151 2033 216 2071 alii
234 2034 373 2083 plures,
390 2032 454 2069 alii
472 2031 663 2082 pauciores
682 2029 999 2067 existimaverunt.
1030 2029 1135 2065 Nam
1156 2029 1252 2066 Gor-

141 2086 233 2137 gias
259 2085 482 2132 Leontinus,
503 2083 786 2134 antiquissimus
811 2082 888 2120 fere
913 2082 1052 2129 rhetor,
1078 2083 1255 2120 omnibus

152 2139 200 2177 de
225 2141 336 2178 rebus
360 2145 545 2178 oratorem
570 2136 712 2188 optime
736 2147 843 2187 posse
867 2134 988 2223 digere
1014 2133 1253 2174 existimavit.

858 2199 884 2225 B
