1428 2308
169 57 244 96 DE
274 56 657 105 INVENTIONE,
688 56 783 95 Lm.
803 57 858 95 ΙΙ.
889 57 991 96 ΟΑΡ.
1013 59 1070 96 12.
1117 62 1163 106 71

76 176 120 201 eo
138 164 392 202 confirmatius
410 165 492 211 erit,
512 164 558 212 si,
577 176 664 201 cum
681 171 842 214 potestas
860 164 1015 216 impune
1029 166 1173 217 aliquid

75 216 234 254 faciendi
264 217 391 254 minus
422 217 575 255 honeste
606 216 719 254 fuisse
751 217 906 265 dicetur,
937 219 1109 257 voluntas
1138 220 1172 258 ei

74 269 234 308 faciendi
251 270 566 308 demonstrabitur
584 269 756 308 abfuisse.
797 270 884 308 Hoc
901 278 1028 309 autem
1046 272 1173 323 ipsum

73 334 193 372 genus
211 323 280 360 erit
298 336 341 361 eo
360 323 518 369 firmius,
538 323 568 360 si
583 336 625 360 eo
639 324 720 374 ipso
733 323 772 360 in
787 336 935 373 genere,
950 338 1027 375 quo
1040 339 1172 376 argue-

74 382 150 423 tur,
170 375 313 427 integer
330 383 440 414 antea
457 376 570 414 fuisse
588 376 926 422 demonstrabitur3
955 385 998 415 ut
1019 379 1063 426 si,
1084 392 1173 417 curn

74 429 238 468 avaritiae
256 429 368 467 causa
385 429 511 467 fecisse
529 436 720 479 arguatur,
741 429 897 467 minime
914 431 1018 468 omni
1035 432 1074 469 in
1093 432 1172 471 vita

74 483 243 532 pecuniae
267 482 425 532 cupidus
451 483 566 520 fuisse
592 483 776 520 doceatur.
821 483 899 520 Hic
922 483 1000 531 illa,
1031 486 1172 535 magna

76 547 165 572 cum
182 535 377 585 gravitate,
396 535 593 573 inducetur
610 535 831 584 indignatio,
848 537 979 584 juncta
992 550 1171 589 conques-

76 587 184 636 tioni,
204 601 270 639 per
295 601 412 638 quarn
437 589 617 626 miserum
641 587 784 626 facinus
809 601 885 626 esse
911 597 947 627 et
972 590 1172 641 indignum

76 639 406 689 demonstrabitur,
431 654 519 679 curn
545 641 693 679 animus
718 641 822 680 omni
846 642 886 679 in
911 643 988 680 vita
1012 643 1125 682 fuerit
1151 659 1174 684 a

77 693 175 731 vitiis
205 694 488 742 remotissimus,
523 706 606 732 earn
639 707 789 733 causam
820 701 965 745 putare,
994 709 1080 746 quae
1106 698 1175 736 ho-

77 747 198 785 mines
217 747 374 785 audaces
392 747 432 784 in
450 747 623 785 fraudem
641 760 769 798 rapere
783 749 912 796 soleat,
928 749 1176 789 castissimum

79 813 230 851 quoque
247 800 440 838 hominem
458 800 507 838 ad
526 801 757 850 peccandum
775 800 939 851 potuisse
957 802 1175 853 impellere;

78 861 144 891 aut
158 853 334 904 iniquum
348 866 438 901 esse,
454 861 489 891 et
503 853 646 903 optimo
661 854 796 904 cuique
807 853 1175 905 perniciosissimum,

78 918 155 945 non
173 904 289 944 vitam
307 907 460 944 honeste
479 914 599 944 actam
625 906 691 943 tali
713 907 751 943 in
771 913 938 957 tempore
957 921 1072 958 quam
1090 911 1177 960 plu-

78 960 220 997 rimum
251 959 436 1010 prodesse,
465 959 530 997 sed
559 959 683 996 subita
712 972 759 997 ex
789 959 1059 1008 criminatione,
1091 976 1178 1013 quae

79 1012 241 1063 confingi
260 1012 432 1063 quamvis
450 1012 558 1050 facile
576 1012 705 1062 possit,
725 1025 801 1050 non
819 1025 866 1050 ex
885 1020 971 1051 ante
989 1015 1073 1052 acta
1086 1016 1178 1065 vita,

79 1080 166 1117 quae
176 1078 298 1116 neque
308 1065 356 1103 ad
367 1073 517 1116 tempus
529 1065 622 1115 fingi
633 1077 755 1116 neque
766 1066 844 1103 ullo
858 1066 970 1104 modo
984 1067 1179 1108 immutari

79 1119 208 1170 possit,
227 1119 348 1156 facere
362 1119 560 1167 judicium.
600 1118 667 1156 Sin
686 1126 814 1156 autem
834 1119 874 1156 in
899 1126 986 1157 ante
1003 1121 1086 1159 acta
1104 1122 1182 1162 vita

78 1173 216 1223 aliquae
233 1171 485 1222 turpitudines
503 1178 637 1216 erunt3
667 1180 733 1209 aut
757 1172 850 1210 falso
874 1173 1017 1210 venisse
1037 1174 1077 1211 in
1097 1187 1181 1214 eam

80 1225 395 1264 existimationem
413 1225 570 1272 dicetur,
590 1232 657 1262 aut
671 1237 717 1262 ex
732 1225 945 1276 aliquorum
959 1226 1101 1265 invidia
1115 1236 1181 1266 aut

78 1277 345 1317 obtrectatione
369 1284 436 1316 aut
459 1278 554 1315 falsa
578 1277 776 1328 opinione3
811 1285 877 1315 aut
900 1278 1178 1331 imprudentiae‚

81 1331 357 1378 necessitudini,
378 1338 444 1368 aut
462 1331 691 1381 persuasioni
705 1331 972 1379 adolescentiae,
989 1339 1055 1370 aut
1069 1333 1181 1372 alicui

80 1398 157 1423 non
175 1384 371 1422 malitiosae
388 1384 507 1421 animi
524 1383 722 1431 affectioni,
742 1384 1005 1432 attribuentur,
1021 1393 1087 1423 aut
1105 1387 1180 1425 dis-

82 1438 197 1475 simiii
219 1437 260 1474 in
289 1449 423 1486 genere
452 1436 642 1483 vitiorum,
673 1444 716 1474 ut
745 1436 893 1474 animus
922 1449 998 1475 non
1025 1439 1181 1478 omnino

82 1492 238 1541 integer,
266 1489 330 1527 sed
353 1503 377 1527 a
401 1490 466 1527 tali
490 1490 601 1540 culpa
620 1496 784 1527 remotus
802 1502 880 1527 esse
898 1489 1078 1530 videatur.
1119 1493 1182 1532 Ae

83 1544 114 1582 si
139 1544 246 1582 nullo
269 1542 383 1580 modo
408 1543 493 1580 vitae
517 1542 712 1593 turpitudo
730 1549 796 1580 aut
814 1542 971 1581 infamia
986 1544 1096 1583 leniri
1113 1559 1183 1596 po..

82 1597 169 1635 terit
186 1596 377 1641 oratione;
406 1608 542 1646 negare
559 1595 757 1646 oportebit,
784 1595 830 1633 de
852 1596 930 1633 vita
948 1598 1029 1646 ejus
1048 1604 1085 1635 et
1101 1611 1184 1637 mo.

82 1651 188 1688 ribus
215 1648 346 1701 quaeri,
376 1649 440 1686 sed
466 1649 513 1686 de
538 1661 581 1686 eo
605 1648 773 1696 crimine,
800 1661 877 1700 quo
904 1649 950 1687 de
976 1658 1180 1701 arguatur3

83 1716 215 1755 quare,
247 1709 335 1741 ante
366 1701 473 1740 factis
504 1701 662 1750 omissis,
695 1701 805 1750 illud,
835 1702 937 1753 quod
964 1703 1088 1753 instet,
1122 1706 1185 1756 agi

84 1763 266 1808 oportere.

138 1809 240 1848 XII.
268 1808 332 1847 Ex
355 1808 454 1846 facto
478 1815 606 1845 autem
630 1807 712 1858 ipso
735 1807 961 1858 suspiciones
985 1809 1183 1860 ducentur,

85 1863 117 1902 si
143 1862 256 1901 totius
280 1861 552 1900 administratio
576 1860 716 1910 negotii
740 1874 787 1898 ex
814 1862 989 1900 omnibus
1015 1863 1185 1912 partibus

87 1915 382 1968 pertentabitur:
406 1920 520 1964 atque
537 1913 597 1951 hae
615 1913 840 1964 suspiciones
853 1915 991 1964 partim
1011 1928 1057 1952 ex
1071 1928 1185 1967 nego-

87 1969 140 2007 tio
171 1968 386 2020 separatim,
413 1967 552 2018 partim
583 1967 832 2004 communiter
861 1980 908 2004 ex
936 1969 1102 2018 personis
1130 1978 1185 2007 at.

87 2034 162 2072 que
179 2034 227 2060 ex
244 2021 408 2072 negotio,
426 2020 716 2071 proficiscentur.
756 2020 820 2057 Ex
845 2020 994 2070 negotio
1015 2020 1102 2058 duci
1120 2035 1188 2072 po-

87 2081 228 2122 terunt,
247 2075 279 2112 si
304 2086 365 2112 eas
388 2086 460 2120 res,
480 2086 566 2123 quae
590 2072 747 2123 negotiis
772 2073 960 2110 attributae
979 2080 1082 2120 sunt,
1103 2075 1187 2113 dili-

87 2133 218 2177 genter
234 2126 562 2166 considerabimus.
602 2125 666 2165 Ex
684 2126 728 2163 iis
747 2125 861 2176 igitur
878 2124 917 2162 in
937 2125 1034 2164 hanc
1052 2128 1186 2166 consti.
