1429 2344
161 116 238 154 264
293 115 370 155 DE
399 116 693 166 ORATORE,
724 118 823 157 LIB.
846 118 903 157 ΙΙ.
934 119 1038 158 ΟΑΡ.
1060 119 1125 158 68.’

159 222 336 262 custodiae
354 224 467 263 causa
484 224 621 263 diceret
645 225 684 263 in
707 226 835 264 castris
859 226 1092 273 remansisse,
1119 238 1264 287 quaere-

159 284 298 337 retque·
319 291 385 315 cur
410 281 457 316 ab
484 291 527 316 eo
552 286 767 323 notaretur3
800 282 828 302 ‘⁶
849 280 939 318 Non
966 281 1095 326 amo,''
1125 280 1263 331 inquit,

163 330 190 351 ‘⁶
207 330 370 368 nimium
390 331 627 382 diligentes-'⁹

211 383 385 422 Acutum
405 386 518 422 etiam
537 384 633 422 illud
653 393 720 432 est,
742 398 830 423 cum
850 399 896 423 ex
922 386 1074 425 alterius
1099 385 1265 424 oratione

157 435 262 472 aliud
288 438 464 488 excipias,
492 446 606 489 atque
631 438 695 477 ille
714 440 822 485 vult3
852 447 896 476 ut
915 439 1114 478 Salinatori
1134 439 1266 477 Maxi-

156 500 257 548 mus,
282 503 384 537 cum,
405 492 573 530 Tarento
592 492 742 539 amisso,
763 505 887 530 arcem
906 500 1035 531 tamen
1054 493 1188 530 Livius
1208 506 1265 530 re-

155 541 341 590 tinuisset,
370 546 568 596 multaque
594 558 640 582 ex
667 559 711 583 ea
735 546 866 596 proelia
889 547 1068 596 praeclara
1092 546 1263 591 fecisset3

157 607 245 632 cum
271 598 416 648 aliquot
440 607 524 649 post
549 611 666 636 annos
686 599 886 636 Maximus
905 598 945 636 id
964 599 1148 659 oppidum
1166 612 1265 637 rece-

155 648 283 698 pisset,
321 659 543 702 rogaretque
579 665 667 690 eum
705 653 905 699 Salinator,
942 660 987 690 ut
1018 652 1265 699 meminisset,

156 702 270 752 opera
284 716 352 741 5113
367 718 404 742 se
419 705 632 743 Tarentum
646 706 851 756 recepisse,
875 709 902 728 “
919 705 1111 753 Quidni,”
1126 705 1265 756 inquit,

159 757 187 776 ‘⁶
206 757 477 796 meminerim?
507 771 708 810 nunquam
738 759 839 798 enim
864 759 1098 811 recepissem,
1126 759 1198 797 nisi
1223 766 1266 797 tu

157 809 421 859 perdidissesff'

210 863 308 900 Sunt
338 864 452 902 etiam
480 865 548 903 illa
573 865 822 926 subabsurda,
849 866 914 904 sed
939 879 982 904 eo
1006 865 1088 917 ipso
1112 865 1267 904 nomine

156 928 254 966 saepe
283 917 453 964 ridicula,
488 931 565 957 non
598 921 722 957 solum
753 920 882 958 mimis
915 919 1166 972 perapposita,
1201 919 1266 958 sed

158 968 272 1007 etiam
292 971 573 1021 quodammodo
591 974 725 1011 nobis:

480 1072 618 1083 .....
641 1048 668 1068 “
686 1046 818 1084 Homo
836 1045 978 1091 fatuus,

213 1096 424 1148 Postquam
442 1111 523 1137 rem
543 1099 681 1137 habere
700 1100 823 1150 coepit,
845 1107 899 1138 est
916 1108 1088 1138 mortuus
1103 1099 1145 1136 :''

477 1214 613 1225 .....
637 1189 664 1209 “
722 1186 789 1223 uid
808 1192 863 1224 est
880 1186 950 1224 tibi

209 1238 289 1277 Ista
299 1240 437 1277 mulier
451 1241 497 1278 ?''
515 1244 542 1263 ‘⁴
557 1185 755 1278 Uxor.'c'2“
770 1240 926 1287 Similis,
940 1239 1086 1277 medius
1098 1238 1210 1276 fidius
1224 1239 1264 1276 :’'

160 1299 199 1328 et

208 1370 236 1390 ‘⁴
253 1367 451 1416 Quamdiu
467 1369 516 1407 ad
526 1382 646 1421 aquas
661 1368 749 1417 fuit,
766 1381 965 1420 nunquam
981 1375 1036 1406 est
1049 1367 1264 1405 mortuus.''

206 1453 410 1492 LXVIII.
426 1454 557 1493 Genus
570 1456 642 1493 hoc
655 1456 789 1501 levius,
804 1462 853 1501 et,
870 1462 914 1492 ut
925 1455 1020 1501 dixi,
1036 1454 1234 1492 mimicum
1249 1468 1261 1499 ;

153 1507 218 1544 sed
236 1508 350 1546 habet
374 1521 650 1559 nonnunquam
669 1509 815 1559 aliquid
833 1509 947 1546 etiam
966 1508 1070 1559 apud
1088 1520 1155 1546 nos
1173 1508 1261 1555 loci,

152 1567 196 1596 ut
215 1561 274 1598 vel
299 1574 374 1599 non
403 1562 553 1609 stultus,
581 1562 689 1613 quasi
715 1563 841 1609 stulte,
874 1574 962 1598 cum
981 1562 1058 1599 sale
1076 1561 1176 1599 dicat
1193 1561 1263 1598 311-

153 1626 220 1664 qui
207 1613 269 1650 izd
293 1622 336 1651 ut
355 1615 437 1667 tibi,
453 1615 616 1662 Antoni,
639 1615 809 1661 Mancia,
829 1627 917 1652 cum
936 1615 1102 1652 audisset
1120 1622 1157 1652 te
1175 1627 1261 1652 cen-

155 1679 276 1704 sorem
295 1681 317 1704 a
337 1662 396 1704 M.
416 1668 590 1706 Duronio
609 1668 656 1705 de
675 1669 821 1706 ambitu
846 1668 1094 1728 postulatum,
1125 1670 1153 1690 “
1172 1668 1261 1704 Ali-

153 1720 348 1770 quando,''
375 1721 514 1772 inquit,
546 1724 573 1743 “
589 1722 659 1759 tibi
683 1729 794 1759 tuum
820 1721 1015 1771 negotium
1041 1734 1151 1771 agere
1174 1721 1263 1758 lice-

155 1773 237 1811 bit.'
242 1774 252 1789 ⁹
293 1774 418 1811 Valde
436 1775 516 1812 haec
535 1774 718 1821 ridentur,
746 1782 796 1820 et,
815 1774 981 1821 hercule,
1013 1774 1154 1820 omnia,
1175 1787 1262 1824 quae

153 1840 176 1863 a
202 1827 465 1877 prudentibus,
493 1828 601 1878 quasi
618 1841 686 1878 per
704 1827 1042 1865 dissimulationem
1064 1826 1183 1878 [non]
1202 1827 1261 1864 in-

152 1880 361 1931 telligendi,
393 1881 626 1918 subabsurde
655 1881 824 1932 salseque
853 1880 1042 1918 dicuntur.
1089 1880 1154 1918 Ex
1184 1892 1261 1930 quo

151 1946 287 1983 genere
307 1941 362 1971 est
387 1935 513 1981 etiam,
540 1947 618 1972 non
643 1934 762 1972 videri
785 1934 994 1983 intelligere
1019 1933 1123 1984 quod
1148 1933 1261 1971 intel-

150 1987 259 2037 ligas,
275 1994 319 2024 ut
334 1987 547 2033 Pontidius,
569 1991 597 2010 ‘⁶
613 1987 780 2034 Qualem
795 1987 1000 2033 existimas,
1017 1986 1084 2038 qui
1097 1987 1138 2024 in
1152 1986 1262 2024 adul-

151 2040 244 2077 terio
263 2040 553 2091 deprehenditur
567 2041 612 2079 ?'’
643 2044 671 2063 “
692 2040 866 2078 Τ31(111111
881 2040 922 2077 :''
950 2048 994 2078 ut
1021 2053 1104 2090 ego,
1125 2039 1192 2090 qui
1219 2040 1258 2076 in

153 2093 313 2139 delectu,
335 2093 510 2139 Metello,
532 2107 619 2132 cum
638 2094 918 2131 excusationem
944 2093 1139 2131 oculorum
1159 2105 1182 2130 a
1198 2105 1263 2130 me

153 2158 229 2183 non
249 2147 442 2197 acciperet,
464 2155 500 2185 et
518 2148 686 2194 dixisset,
715 2150 743 2170 “
759 2146 825 2184 Tu
847 2147 964 2197 igitur
982 2146 1079 2183 nihil
1097 2145 1200 2183 vides
1213 2146 1261 2183 ?'’

156 2203 184 2221 “
202 2198 287 2249 Ego
303 2201 432 2246 vero,''
451 2201 624 2253 inquam,
647 2204 674 2223 ‘⁴
691 2214 715 2238 3
731 2200 840 2253 porta
854 2199 1056 2252 Esquilina
1070 2198 1178 2237 video
1192 2198 1262 2236 vil-
