1429 2344
167 70 246 109 342
302 68 380 108 DE
402 66 699 118 ORATORE‚
730 68 829 106 Lm.
846 66 930 107 111.
959 58 1147 108 (tm-5&

171 191 288 230 quem
308 177 451 229 scripsi,
467 177 612 225 libello,
627 189 691 215 me
704 176 903 226 invenisse,
920 177 1171 229 eloquentem.
1209 178 1284 217 Sed

172 245 216 271 eo
235 239 272 269 te
291 245 338 270 ne
356 231 539 269 laudandi
553 232 709 283 quidem
728 231 841 269 causa
859 231 1110 282 interpellavi,
1126 244 1174 270 ne
1189 233 1283 283 quid

173 286 221 323 de
240 286 311 323 hoc
330 292 410 323 tam
429 286 568 336 exiguo
587 285 768 324 sermonis
787 285 845 324 tui
866 292 1050 336 tempore,
1074 287 1188 324 verbo
1206 298 1286 324 uno

174 352 275 385 meo,
296 339 582 377 diminueretur.

229 393 345 430 Hanc
369 392 500 443 igitur,
527 393 685 431 Crassus
704 392 844 444 inquit,
871 392 920 430 ad
943 393 1083 443 legem,
1111 406 1201 431 cum
1220 406 1287 431 ex-

176 446 407 494 ercitatione,
424 454 509 484 tum
529 447 615 484 stilo
631 447 716 498 (qui
735 455 772 484 et
791 447 878 493 alia,
900 453 936 483 et
950 447 1022 484 hoc
1039 447 1209 485 maxime
1227 460 1287 485 or-

176 507 244 538 nat
263 513 306 538 ac
323 501 465 547 limat),
486 500 687 538 formanda
712 500 818 538 vobis
837 500 955 537 oratio
975 507 1041 537 est.
1072 501 1212 552 Neque
1230 507 1287 538 ta-

176 566 267 591 men
285 553 357 592 hoc
382 554 478 591 tanti
501 555 641 592 laboris
667 562 736 601 est,
758 553 892 604 quanti
910 553 1082 591 videtur:
1112 566 1181 592 nec
1200 564 1289 593 sunt

176 607 259 645 haec
286 608 590 658 rhythmicorum
620 620 663 645 ac
687 608 921 645 musicorum
947 607 1129 645 acerrima
1154 609 1290 646 norma

177 661 400 712 dirigenda:
431 669 468 699 et
493 661 733 699 efficiendum
759 668 813 698 est
838 660 936 698 iHud
959 661 1074 699 modo
1093 662 1213 710 vobis,
1241 675 1291 701 ne

178 715 273 752 fluat
298 715 431 761 oratio,
459 727 507 753 ne
533 722 705 765 vagetur,
732 727 781 752 ne
799 714 947 752 insistat
964 714 1136 764 interius,
1156 728 1205 754 ne
1224 730 1291 754 ex-

179 776 306 806 currat
319 769 470 819 longius
486 782 497 813 ς
528 777 572 806 ut
589 768 772 806 membris
787 767 1055 818 distinguatur,
1075 776 1120 806 ut
1138 781 1291 808 conver-

179 822 302 861 siones
316 823 454 860 habeat
472 823 676 860 absolutas.
706 822 847 872 Neque
865 834 1013 872 semper
1031 822 1219 861 utendum
1237 832 1293 862 est

179 877 443 928 perpetuitate,
458 884 494 914 et
508 877 617 927 quasi
631 876 871 914 conversione
883 877 1100 925 verborum,
1117 877 1182 914 sed
1196 891 1295 929 saepe

181 930 371 982 carpenda
388 931 570 968 membris
589 929 859 967 minutioribus
884 929 1002 968 oratio
1021 937 1101 977 est,
1090 943 1100 954 ·
1132 944 1219 983 quae
1236 940 1294 970 ta-

181 997 272 1022 men
291 985 374 1035 ipsa
390 986 564 1022 membra
583 991 672 1021 sunt
690 983 858 1021 numeris
877 983 1086 1021 vincienda.

237 1039 378 1089 Neque
403 1051 468 1076 vos
491 1050 603 1098 paeon
628 1045 696 1075 aut
720 1037 857 1075 herous
882 1036 948 1074 ille
966 1039 1189 1077 conturbet.
1219 1040 1293 1091 ipsi

182 1099 379 1130 occurrent
408 1091 591 1130 orationi.
621 1090 707 1142 ipsi,
727 1091 902 1142 inquam,
923 1103 962 1128 se
988 1091 1158 1140 offerent,
1180 1100 1217 1131 et
1234 1107 1293 1132 re-

183 1146 438 1197 spondebunt,
459 1158 536 1183 non
556 1145 688 1183 vocati.
729 1144 975 1182 Consuetudo
1003 1145 1119 1182 modo
1147 1120 1215 1185 illa
1245 1148 1293 1186 sit

184 1199 371 1238 scribendi
385 1207 499 1250 atque
518 1198 680 1246 dicendi,
695 1206 739 1236 ut
753 1198 947 1236 sententiae
958 1198 1081 1236 verbis
1095 1198 1290 1250 finiantur,

184 1266 393 1304 eorumque
412 1255 614 1291 verborum
636 1252 782 1301 junctio
807 1259 981 1289 nascatur
1000 1265 1023 1289 a
1039 1254 1201 1303 proceris
1219 1267 1293 1293 nu-

184 1307 299 1346 meris
325 1320 369 1344 ac
392 1307 534 1355 liberis,
560 1306 730 1344 maxime
754 1306 869 1343 heroo
888 1312 925 1343 et
942 1318 1074 1356 paeone
1090 1308 1294 1358 posteriore

184 1369 254 1399 aut
267 1361 426 1406 cretico;
449 1361 514 1399 sed
531 1361 633 1399 varie
651 1359 899 1410 distincteque
917 1360 1097 1397 considat.
1127 1361 1296 1401 Notatur

184 1415 289 1453 enim
318 1415 488 1452 maxime
519 1413 729 1452 similitudo
759 1413 799 1451 in
832 1413 1153 1464 conquiescendo:
1184 1423 1234 1465 et,
1264 1417 1295 1455 si

184 1469 301 1520 primi
315 1476 352 1507 et
369 1469 550 1519 postremi
567 1468 625 1506 1111
642 1467 755 1519 pedes
775 1474 863 1505 sunt
880 1467 951 1505 hac
970 1468 1114 1506 ratione
1143 1471 1293 1519 servati,

185 1523 304 1560 medii
329 1530 488 1573 possunt
512 1523 641 1570 latere,
670 1522 785 1559 modo
803 1534 851 1559 ne
870 1521 1048 1559 circuitus
1065 1522 1146 1574 ipse
1164 1526 1296 1562 verbo-

185 1590 275 1615 rum
295 1576 343 1614 sit
361 1584 429 1614 aut
446 1576 594 1614 brevior
614 1589 730 1627 quam
750 1589 859 1614 aures
877 1582 1108 1626 exspectent,
1128 1584 1196 1616 aut
1211 1578 1297 1617 lon-

187 1630 271 1681 gior
291 1643 410 1682 quam
428 1631 525 1668 vires
544 1638 658 1681 atque
677 1630 805 1667 anima
822 1629 1000 1681 patiatur.

243 1684 292 1721 L.
323 1684 523 1722 Clausulas
551 1691 680 1721 autem
709 1683 926 1744 diligentius
955 1683 1070 1721 etiam
1098 1686 1299 1726 servandas

189 1751 269 1776 esse
288 1738 461 1785 arbitror,
482 1750 600 1789 quam
619 1738 833 1788 superiora,
823 1751 833 1760 ·
864 1737 996 1788 quod
985 1750 1026 1774 m
1044 1737 1104 1776 his
1128 1739 1299 1794 maxime

188 1791 367 1843 perfectio
382 1799 496 1843 atque
510 1791 695 1829 absolutio
706 1791 922 1839 judicatur·
943 1803 1035 1829 nam
1049 1794 1176 1830 versus
1190 1791 1300 1845 aeque

189 1846 330 1897 prima,
357 1853 394 1883 et
421 1845 577 1910 media,
594 1851 631 1882 et
660 1851 828 1882 extrema
855 1857 942 1895 pars
967 1845 1199 1893 attenditur-3
1229 1849 1297 1899 qui

190 1899 454 1947 debilitatur,
444 1911 484 1936 m
510 1911 752 1950 quacumque
777 1898 825 1936 sit
847 1906 954 1949 parte
978 1898 1198 1938 titubatum.
1246 1903 1298 1941 In

189 1954 358 1992 oratione
382 1960 525 2001 autem,
545 1952 669 2003 prima
687 1952 798 2003 pauci
817 1959 988 2000 cernunt,
1008 1960 1199 2003 postrema
1215 1956 1298 2006 ple-

190 2008 324 2058 rique·
356 2021 456 2059 quae,
476 2006 658 2058 quoniam
676 2013 858 2067 apparent
877 2013 914 2043 et
931 2005 1211 2057 intelliguntur,
1231 2023 1298 2049 va-

191 2061 324 2099 rianda
341 2069 444 2109 sunt,
464 2073 512 2098 ne
537 2067 603 2098 aut
627 2060 844 2098 animorum
865 2059 1018 2108 judiciis
1036 2061 1296 2113 repudientur,

194 2122 260 2152 aut
284 2115 437 2153 aurium
461 2115 642 2153 satietate.
682 2113 775 2152 Duo
793 2114 895 2152 enim
923 2121 990 2152 aut
1014 2121 1089 2152 tres
1106 2123 1196 2153 sunt
1219 2117 1298 2156 fere

193 2169 353 2208 extremi
371 2168 544 2209 servandi
563 2176 599 2208 et
617 2168 774 2208 notandi
787 2168 915 2221 pedes,
936 2168 967 2208 si
991 2168 1106 2208 modo
1119 2181 1196 2209 non
1212 2172 1308 2224 bre-·.
