1428 2308
188 104 265 143 m:
297 102 678 152 ιΝνΕΝΤΙοΝΕ,
710 104 805 142 ιη.
826 104 881 142 11.
914 105 1014 144 οη.
1035 107 1069 144 a.
1128 108 1175 150 67

77 224 187 250 neam
213 211 365 250 nemini.
395 212 461 249 Sin
481 211 593 249 fuisse
611 211 693 249 aliis
711 225 863 262 quoquc
887 225 998 250 causa
1016 213 1173 251 faciendi

79 265 286 310 videbitur3
318 271 383 302 aut
408 271 568 316 potestas
595 264 676 301 aliis
698 265 858 303 defuisse
885 266 1174 303 demonstranda

77 325 146 366 est,
165 325 231 356 aut
255 318 425 365 facultas,
451 324 517 355 aut
535 318 717 355 voluntas.
760 319 940 366 Potestas,
962 319 991 355 si
1017 326 1083 356 aut
1110 332 1173 357 ne-

78 373 202 418 scisse,
222 377 288 408 aut
301 383 375 409 non
397 370 559 417 affuisse,
579 378 644 408 aut
659 371 835 408 conficere
853 372 994 422 aliquid
1014 384 1087 409 non
1108 385 1174 423 po-

80 424 207 471 tuisse,
234 423 388 461 dicetur.
429 424 617 470 Facultas,
649 424 678 460 si
704 424 810 471 ratio,
837 425 1037 473 adjutores,
1068 426 1176 474 adju-

82 483 223 524 menta,
252 483 289 514 et
306 484 437 514 caetera
461 490 547 527 quae
570 476 617 513 ad
637 489 713 513 rem
734 478 986 526 pertinebunt,
1017 478 1176 516 defuisse

81 530 193 568 alicui
211 529 578 567 demonstrabuntur.
608 530 808 576 Voluntas,
838 530 868 567 si
886 531 1035 568 animus
1053 545 1076 568 a
1094 532 1176 569 tali-

80 585 153 621 bus
171 583 277 621 factis
302 595 441 620 vacuus
459 589 495 620 et
519 582 662 632 integer
681 595 757 620 esse
784 583 936 620 dicetur.
969 584 1176 631 Postremo,

81 649 175 687 quas
200 636 248 673 ad
266 635 518 673 defensionem
537 636 695 672 rationes
720 648 782 672 reo
800 636 987 684 dabimus,
1008 637 1052 674 iis
1071 652 1177 675 accu-

81 697 180 727 sator
198 688 245 726 ad
264 689 355 726 alios
380 701 426 726 ex
446 688 557 739 culpa
578 688 795 726 eximendos
816 691 1000 727 abutetur.
1032 691 1174 728 Verum

80 742 119 779 id
138 742 241 780 brevi
255 741 467 779 faciendum
489 749 568 786 est;
589 748 625 778 et
643 741 681 778 in
702 753 821 778 unum
844 743 966 779 multa
984 750 1072 780 sunt
1090 757 1176 781 con-

79 795 269 842 ducenda,¹
282 801 325 832 ut
344 807 390 831 ne
410 793 561 832 alterius
581 794 803 831 defendendi
821 795 932 832 causa
950 795 1051 833 hunc
1071 810 1178 834 accu—

79 861 173 896 sare,
204 847 267 886 sed
291 848 406 896 hujus
429 846 624 885 accusandi
650 847 762 885 causa
787 847 983 887 defendere
1001 850 1176 897 alterum,

82 901 261 939 videatur.

136 953 258 992 VIII.
285 952 418 1005 Atque
435 953 638 992 accusatori
663 952 816 1004 quidem
835 954 914 992 haec
933 954 1008 993 fere
1032 964 1121 993 sunt
1140 956 1179 994 in

81 1007 194 1046 causa
212 1006 380 1045 facienda
404 1014 441 1044 et
458 1006 734 1045 consideranda.
776 1006 961 1045 Defensor
985 1016 1111 1046 autem
1132 1023 1176 1047 ex

81 1059 264 1099 contrario
294 1060 462 1111 primum
496 1060 762 1111 impulsionem
798 1068 864 1098 aut
893 1062 1039 1099 nuHam
1068 1062 1181 1100 fuisse

78 1114 189 1161 dicet,
208 1120 288 1161 aut,
304 1112 461 1150 sifuisse
479 1112 667 1160 concedet,
683 1113 914 1162 extenuabit,
935 1122 971 1153 et
984 1116 1180 1166 parvulam

81 1165 288 1218 quamdam
305 1165 420 1204 fuisse
443 1165 726 1213 demonstrabit,
746 1173 812 1203 aut
836 1179 912 1204 non
938 1180 983 1205 ex
1004 1182 1048 1205 ca
1067 1170 1182 1206 solere

78 1219 300 1269 hujusmodi
318 1218 416 1257 facta
433 1219 534 1257 nasci
555 1218 713 1256 docebit.
753 1219 843 1266 Quo
872 1228 909 1258 et
937 1222 1006 1258 crit
1034 1221 1072 1258 in
1102 1222 1183 1259 loco

81 1272 430 1319 demonstrandum,
460 1285 546 1323 quae
571 1271 625 1309 vis
650 1278 687 1310 et
704 1279 839 1309 natura
857 1274 937 1322 ejus
956 1274 1003 1311 sit
1021 1273 1182 1312 affectis.-

83 1326 156 1375 nis,
186 1325 264 1376 qu‘a
286 1325 473 1376 impulsus
497 1324 641 1375 aliquid
665 1337 749 1362 reus
768 1326 995 1364 commisisse
1013 1327 1180 1372 dicetur3

78 1379 124 1417 vin
143 1391 219 1430 quo
237 1386 274 1416 et
287 1378 474 1429 exempla,
490 1384 526 1415 et
539 1377 802 1415 similitudines
816 1385 926 1416 erunt
939 1380 1182 1429 proferendae,

75 1439 121 1470 ⁴et
138 1432 220 1483 ipsa
236 1431 432 1492 diligenter
450 1438 585 1468 natura
613 1431 694 1479 ejus
719 1430 920 1468 affectionis
939 1445 1052 1482 quam
1073 1433 1184 1470 lenis-

83 1485 177 1523 sime
196 1483 467 1535 quietissimam
493 1483 541 1520 ad
565 1490 710 1533 partem
737 1484 970 1534 explicanda,
997 1492 1041 1522 ut
1066 1492 1103 1523 et
1128 1499 1184 1523 res

78 1539 165 1590 'ipsa
183 1549 206 1575 a
223 1536 320 1575 facto
338 1536 479 1574 crudeli
493 1542 530 1574 et
543 1537 760 1574 turbulento
777 1537 825 1574 ad
845 1537 1035 1588 quoddam
1054 1538 1186 1576 mitius

86 1598 123 1629 et
141 1589 382 1652 tranquillius
408 1589 638 1637 traducatur,
670 1596 708 1627 et
733 1590 850 1628 oratio
878 1598 1004 1628 tamen
1031 1591 1078 1628 ad
1103 1592 1184 1629 ani-

81 1656 195 1682 mum
213 1644 294 1693 ejus
319 1642 386 1694 qui
411 1642 550 1691 audiet,
582 1650 618 1680 et
643 1642 691 1680 ad
719 1642 837 1680 animi
863 1644 1067 1694 quemdam
1096 1644 1184 1682 inti-

84 1709 194 1736 mum
211 1708 378 1758 sensum,
393 1696 705 1734 accommodetur.
735 1695 1044 1734 Ratiocinationis
1058 1705 1185 1735 autem

86 1749 311 1802 suspiciones
342 1749 562 1798 infirmabit,
601 1749 631 1786 si
659 1756 725 1786 aut
760 1749 1001 1787 commodum
1034 1751 1186 1788 nullum

86 1804 214 1851 fuisse,
233 1809 300 1840 aut
316 1814 491 1853 parvum,
511 1810 578 1839 aut
595 1801 676 1838 aliis
699 1802 818 1851 magis
837 1802 964 1850 fuisse,
984 1810 1050 1840 aut
1069 1803 1187 1840 nihilo

87 1856 158 1895 sibi
181 1855 302 1906 magis
320 1867 436 1906 quam
454 1855 550 1902 aliis,
575 1862 643 1892 aut
660 1854 942 1892 incommodum
969 1856 1038 1893 sibi
1064 1858 1189 1905 majus

87 1922 205 1961 quam
219 1908 475 1956 commodum,
495 1908 616 1953 dicet3
637 1915 680 1945 ut
698 1908 941 1959 nequaquam
959 1908 1072 1946 fuerit
1085 1909 1188 1947 illius

90 1962 292 2010 commodi,
320 1961 422 2013 quod
445 1961 654 2012 expetitum
683 1961 841 2008 dicatur,
872 1961 1094 2011 magnitudo
1121 1969 1187 1999 aut

91 2028 179 2054 cum
212 2027 256 2053 eo
283 2014 521 2053 incommodo
550 2014 652 2066 quod
684 2014 869 2062 acciderit,
900 2021 967 2051 aut
999 2026 1086 2052 cum
1122 2014 1188 2051 illo

90 2068 256 2119 periculo
270 2067 371 2128 quod
386 2069 575 2114 subeatur,
591 2067 864 2118 comparanda:
890 2067 956 2117 qui
971 2079 1100 2104 omnes
1119 2068 1189 2105 loci

89 2120 289 2159 similiter'
278 2133 318 2158 ln
344 2120 571 2159 incommodi
596 2132 746 2171 quoquc
777 2120 952 2157 vitatione
975 2121 1189 2157 tractabun-

84 2182 166 2212 ssur.
196 2173 264 2212 Sin
283 2180 470 2213 accusator
485 2173 634 2222 dixerit,
651 2186 739 2211 eum
758 2173 796 2210 id
811 2186 886 2211 csse
906 2179 1074 2211 secutum
1090 2173 1189 2223 quod
