1407 2334
236 84 314 125 DE
343 82 634 134 ORATORE,
664 84 761 123 Lm.
783 86 840 124 11.
871 87 973 126 CAP.
994 90 1056 129 86.
1113 91 1189 129 283

95 199 223 230 mento
246 205 290 230 ac
316 192 493 243 praemio:
523 205 608 243 quae
634 204 719 230 vero
744 192 856 230 etiam
882 207 969 232 cum
995 195 1122 233 labore
1149 203 1186 233 et

92 245 257 295 periculo
274 245 456 296 ipsorum,
475 245 554 283 haec
573 245 711 282 habent
729 246 956 285 uberrimam
971 249 1116 298 copiam
1135 249 1183 286 ad

89 297 339 345 laudandum,
359 298 461 350 quod
479 305 515 335 et
533 298 605 335 dici
623 298 853 336 ornatissime
872 309 1040 350 possunt,
1061 309 1096 339 et
1115 315 1182 338 au-

95 350 168 387 diri
186 350 374 388 facillime.
414 351 474 388 Ea
493 351 593 388 enim
613 350 773 400 denique
798 352 914 390 virtus
937 366 1014 391 esse
1039 354 1184 391 videtur

92 404 300 452 praestantis
326 404 408 450 viri,
437 417 521 454 quae
547 411 600 441 est
626 403 815 441 fructuosa
839 405 934 452 aliis,
959 406 1030 456 ipsi
1054 414 1181 444 autem

91 455 287 503 laboriosa,
307 464 373 494 aut
390 457 608 506 periculosa,
629 464 694 493 aut
719 464 813 493 certe
832 459 1004 507 gratuita.
1034 459 1181 508 Magna

89 508 203 545 etiam
232 509 298 546 ina
321 509 418 556 laus,
445 517 481 546 et
506 509 748 556 admirabilis,
776 509 892 547 videri
919 512 1024 558 solet,
1053 512 1181 549 tulisse

89 573 194 598 casus
219 562 401 611 sapienter
426 562 610 607 adversos,
631 573 706 598 non
731 561 892 599 fractum
919 576 994 601 esse
1012 564 1178 611 fortuna,

88 614 282 652 retinuisse
299 615 338 651 in
357 616 467 651 rebus
486 614 622 664 asperis
641 614 871 663 dignitatern.

143 666 280 717 Neque
298 674 423 704 tamen
441 667 507 703 illa
526 679 600 704 non
619 674 766 713 ornant,
786 667 904 705 habiti
922 669 1093 715 honores,
1114 669 1178 707 de·-

89 726 188 757 creta
225 719 371 757 virtutis
396 719 564 770 praemia,
590 731 648 756 res
671 726 784 768 gestae
805 721 955 767 judiciis
980 722 1180 759 hominum

89 774 364 822 comprobatae;
406 772 447 808 in
484 773 621 822 quibus
658 772 770 808 etiam
807 773 1020 811 felicitatem
1056 774 1177 824 ipsam

88 823 259 862 Deorum
276 824 548 862 immortalium
564 823 704 872 judicio
723 825 851 872 tribui,
870 826 1094 864 laudationis
1113 834 1178 864 est.

87 877 292 916 Sumendae
316 884 442 915 autem
467 890 523 914 res
543 883 652 914 erunt
669 884 735 913 aut
752 878 1011 927 magnitudine
1029 887 1182 929 praesta.-

86 930 194 978 biles,
213 938 279 968 aut
297 931 459 968 novitate
471 930 617 980 primae,
630 936 695 966 aut
709 942 842 979 genere
849 930 936 981 ipso
950 931 1176 981 singulares:

88 995 211 1033 neque
229 984 330 1021 enim
348 995 485 1034 parvae,
511 994 633 1032 neque
657 983 816 1030 usitatae,
843 995 966 1034 neque
990 985 1175 1034 vulgares,

85 1036 344 1083 admiratione,
364 1042 429 1074 aut
447 1035 600 1073 omnino
615 1034 744 1082 laude,
763 1035 887 1085 dignae
905 1037 1022 1074 videri
1044 1038 1174 1075 solent.

137 1088 209 1126 Est
226 1088 339 1126 etiam
353 1101 441 1126 cum
454 1088 592 1126 caeteris
609 1088 871 1138 praestantibus
883 1089 969 1126 viris
984 1102 1176 1140 comparas

85 1142 139 1181 tio
157 1142 196 1178 in
221 1141 434 1179 laudatione
452 1141 638 1191 praeclara.
681 1140 742 1178 De
767 1154 842 1191 quo
867 1154 1001 1191 genere
1024 1142 1176 1181 libitum

76 1203 142 1234 est
159 1194 255 1232 mihi
272 1194 385 1245 paulo
403 1194 526 1244 plura,
546 1206 662 1244 quam
677 1194 924 1242 ostenderam,
949 1195 1082 1242 dicere,
1099 1207 1174 1233 non

76 1256 163 1287 ‚ram
181 1255 339 1298 *propter
359 1259 472 1284 usum
490 1246 688 1295 forensem,
709 1247 776 1297 qui
794 1254 849 1284 est
874 1260 896 1284 a
924 1260 986 1285 me
1010 1248 1048 1284 in
1075 1249 1178 1285 omni

78 1301 157 1339 hoc
174 1312 342 1338 sermone
360 1307 550 1347 tractatus,
563 1312 679 1350 quam
697 1308 741 1336 ut
757 1300 828 1337 hoc
846 1299 1031 1347 videretis,
1045 1301 1076 1337 si
1093 1301 1176 1338 lau-

81 1354 251 1391 dationes
265 1360 385 1391 essent
402 1353 443 1389 in
461 1352 614 1390 oratoris
631 1351 750 1390 officio
770 1352 889 1403 (quod
902 1365 1013 1390 nemo
1031 1361 1174 1403 negat),

82 1406 219 1446 oratori
236 1405 419 1443 virtutum
437 1405 609 1443 omnium
628 1405 890 1455 cognitionem,
907 1406 986 1443 sine
999 1406 1077 1456 qu‘a
1093 1407 1176 1444 lau-

82 1459 185 1498 datio
203 1458 297 1496 effici
314 1470 390 1495 non
407 1457 536 1508 possit,
551 1470 628 1494 esse
645 1458 900 1495 necessariam.

137 1512 165 1550 J
168 1524 230 1549 am
248 1510 485 1562 vituperandi
501 1517 685 1561 praecepta
703 1506 894 1548 contrariis
918 1523 965 1548 ex
990 1510 1089 1549 vitiis
1114 1525 1177 1550 su-

82 1565 221 1604 menda
231 1577 322 1611 esse,
335 1564 574 1615 perspicuum
591 1571 646 1600 est
659 1578 668 1600 ε
690 1563 803 1601 simul
815 1570 869 1600 est
882 1563 979 1601 illud
989 1571 1074 1602 ante
1088 1577 1177 1602 ocu-

82 1621 152 1665 los,
172 1630 239 1656 nec
252 1619 397 1655 bonum
415 1617 538 1654 virum
556 1616 704 1667 proprie
722 1623 759 1653 et
776 1615 920 1666 copiose
934 1616 1080 1654 laudari
1098 1618 1178 1656 sine

84 1673 281 1717 virtutum,
310 1682 379 1707 nec
406 1670 623 1720 improbum
652 1669 773 1706 notari
799 1682 842 1707 ac
868 1668 1070 1719 vituperari
1098 1670 1177 1708 sine

87 1724 278 1770 vitiorum,
316 1722 538 1773 cognitione,
573 1722 660 1760 satis
691 1722 866 1772 insignite
901 1729 1014 1772 atque
1049 1735 1177 1773 aspere

84 1790 202 1828 posse.
239 1777 372 1827 Atque
397 1775 456 1813 his
482 1775 571 1813 locis
604 1782 640 1813 et
668 1775 847 1812 laudandi
877 1782 913 1812 et
942 1774 1178 1824 vituperandi

84 1843 180 1881 saepe
198 1829 305 1867 nobis
323 1835 378 1867 est
394 1828 579 1866 utendum
597 1828 637 1865 in
655 1828 759 1866 omni
777 1840 910 1877 genere
928 1839 1137 1864 causarum.

133 1882 311 1929 Habetis,
320 1882 366 1919 de
379 1881 610 1919 inveniendis
621 1883 731 1919 rebus
743 1879 1069 1931 disponendisque,
1083 1880 1177 1930 quid

85 1936 244 1974 sentiam
260 1949 270 1972 :
301 1935 507 1985 adjungam
536 1934 649 1971 etiam
679 1934 725 1971 de
753 1932 949 1977 memoria,
981 1939 1023 1968 ut
1051 1933 1178 1972 labore

88 1988 267 2033 Crassum
284 1988 420 2034 levem,
444 1999 566 2037 neque
592 1987 626 2024 ei
651 1986 860 2037 quidquam
885 1984 1001 2030 aliud,
1029 1984 1076 2022 de
1100 1999 1178 2036 quo

87 2041 254 2086 disserat,
272 2040 497 2091 relinquam,
517 2039 589 2077 nisi
608 2052 664 2087 ea,
685 2039 823 2090 quibus
840 2039 921 2075 haec
939 2045 1176 2076 exornentur.

142 2092 378 2131 LXXXVI.
409 2093 528 2143 Perge
546 2105 646 2139 vero,
666 2092 791 2143 inquit
809 2090 965 2129 Crassus
981 2103 990 2126 ε
1020 2090 1178 2129 libenter

89 2145 191 2184 enim
207 2153 256 2193 te,
275 2146 469 2196 cognitum
478 2147 566 2195 jam
580 2145 779 2192 artificem,
800 2141 1077 2194 aliquandoque
1095 2156 1182 2191 evo-
