1429 2344
182 64 262 102 350
317 63 395 102 DE
425 64 723 115 ORATORE‚
755 66 855 105 Lm.
879 66 960 105 ΙΙΙ.
993 66 1099 105 CAP.
1115 67 1180 104 58.

190 179 227 209 et
246 172 327 221 illa,

246 249 274 269 ‘⁶
291 247 330 286 O
349 254 456 299 pater
472 248 481 286 Ξ
514 261 536 286 o
555 248 702 300 patria!
733 262 756 287 o
777 249 926 287 Priami
944 249 1081 288 domus
1096 248 1137 285 !''

190 344 228 373 et
248 350 334 387 quae
354 346 594 388 sequuntur-3

245 411 274 431 ‘⁶
291 410 388 447 Haec
407 410 537 448 omnia
557 411 636 448 vidi
655 412 902 461 inflammari,

246 463 402 501 Priamo
421 465 459 502 vi
479 465 598 503 vitam
619 466 792 504 evitari.'’

193 549 319 587 Aliud
338 558 478 599 metus,
499 551 722 601 demissum,
744 559 781 590 et
799 551 992 600 haesitans,
1013 558 1050 589 et
1068 553 1283 601 abjectum:

248 625 276 646 “
292 624 429 662 Multi'
445 625 568 663 modis
584 639 669 663 sum
690 627 984 674 circumventus,
1000 627 1150 675 morbo,
1169 625 1316 673 exsilio,

409 686 524 730 atque
543 680 673 731 inopia
688 695 698 718 :

249 731 359 769 Tum
388 746 506 784 pavor
537 735 763 784 sapientiam
793 733 892 771 mihi
918 746 1073 771 omnem
1101 734 1319 772 exanimato

411 795 652 838 expectorat:

246 841 363 878 Alter
388 842 598 879 terribilem
624 841 826 880 minitatur
852 841 940 880 vitae
963 841 1174 880 cruciatum
1197 848 1235 880 et
1252 854 1318 879 ne-

412 908 520 933 cem:

249 948 365 997 Quae,
393 961 507 987 nemo
527 958 582 988 est
601 958 682 988 tam
701 950 812 988 firmo
830 950 998 1001 ingenio,
1020 957 1056 988 et
1075 950 1182 988 tanta
1200 948 1318 988 confi·-

413 1003 557 1052 dentis,

250 1055 360 1104 Quin
391 1056 555 1128 refugiat
585 1058 720 1096 timido
749 1071 933 1109 sanguen,
966 1065 1081 1109 atque
1108 1059 1321 1096 exalbescat

413 1119 520 1148 metu
538 1112 565 1149 ’.
581 1139 590 1149 .
609 1140 618 1150 .
634 1140 644 1150 .

197 1200 323 1238 Aliud
338 1200 416 1238 vis:
443 1208 681 1251 contentum,
702 1201 918 1250 vehemens,
934 1201 1140 1240 imminens
1154 1200 1323 1252 quadam

196 1255 416 1293 incitatione
435 1255 631 1306 gravitatis
646 1270 656 1293 ε

251 1343 279 1364 “
302 1343 451 1380 Iterum
472 1343 660 1394 Thyestes
678 1343 847 1381 Atreum
867 1349 1072 1381 attractum
1091 1341 1268 1388 advenit3

251 1397 402 1435 Iterum
418 1398 501 1446 jam
521 1397 740 1448 aggreditur
758 1411 836 1446 me,
858 1405 895 1435 et
913 1397 1088 1449 quietum
1108 1396 1322 1435 exsuscitat.

250 1450 384 1499 Blajor
402 1451 498 1488 mihi
518 1452 651 1499 moles,
672 1453 799 1501 majus
817 1451 1057 1489 miscendum
1076 1451 1124 1488 'st
1141 1451 1305 1498 malum,

250 1504 334 1551 Qui
346 1505 450 1543 illius
463 1507 642 1543 acerbum
655 1519 718 1543 cor
730 1505 965 1544 contundam
977 1513 1014 1544 et
1029 1504 1322 1556 comprimam.'’

195 1593 321 1631 Aliud
347 1595 537 1646 voluptas,
566 1595 747 1643 effusum,
776 1595 875 1645 lene,
902 1602 1092 1642 tenerum,
1115 1593 1324 1631 hilaratum

200 1661 244 1686 ac
263 1661 491 1686 remissum:

259 1724 287 1744 ⁶⁶
305 1723 380 1761 Sed
398 1722 496 1759 mihi
515 1735 606 1784 cum
624 1723 762 1761 detulit
780 1736 958 1762 coronam
977 1725 1026 1761 ob
1048 1721 1325 1772 [collocandas]

257 1830 352 1868 Tibi
371 1784 642 1878 ῑειὲιὶζξὲἃὲἷυῃ
662 1830 869 1869 simulabat
888 1844 966 1869 sese
985 1829 1093 1868 alteri
1112 1829 1225 1867 dare:

258 1884 368 1921 Tum
387 1884 436 1922 ad
455 1891 492 1922 te
511 1885 728 1923 ludibunda
747 1885 855 1923 docte
875 1892 911 1923 et
930 1885 1088 1923 delicate
1106 1882 1286 1922 detulit.''

203 1972 330 2010 Aliud
349 1973 537 2022 molestia,
559 1974 639 2012 sine
659 1974 986 2013 commiseratione
999 1986 1113 2026 grave
1127 1971 1327 2025 quiddam,

202 2035 240 2065 et
259 2040 337 2065 uno
356 2041 504 2079 pressu,
525 2041 569 2066 ac
588 2041 680 2068 sono
700 2029 936 2068 obductum:

262 2113 290 2134 “
306 2111 399 2161 Qua
417 2119 642 2174 tempestate
662 2114 771 2153 Paris
791 2113 985 2154 Helenam
1006 2112 1179 2165 innuptis
1201 2109 1334 2163 junxit

420 2174 581 2219 nuptus,
