1407 2324
175 63 254 104 DE
274 63 480 104 CLARIS
500 58 888 115 ΟΒΑΤΟΒΙΒΠΒΑ
905 64 1009 104 ΟΑΡ.
1025 65 1062 103 3.
1091 61 1171 106 357

68 182 157 208 cum
174 178 397 233 extorquere
422 185 528 210 arma
544 179 668 233 posset
687 185 707 210 e
724 173 901 211 manibus
918 172 1100 210 iratorum
1118 168 1171 207 ci-

67 224 173 261 vium
201 226 291 263 boni
319 225 409 264 civis
435 226 634 264 auctoritas
660 233 696 264 et
721 226 863 271 orati03
893 233 975 263 tum
1003 223 1169 276 profecto

67 275 154 324 fuit,
175 290 263 316 cum
282 279 532 329 patrocinium
552 279 653 329 pacis
673 280 764 316 excl
760 292 868 316 lsum
888 286 942 316 est
961 286 1027 315 aut
1046 288 1168 314 errore

66 329 282 378 hominum,
304 339 370 369 aut
388 333 533 369 timore
566 332 626 368 Ita
644 332 920 391 nobismetipsis
940 330 1085 375 accidit,
1107 337 1164 376 ut,

65 396 303 435 quamquam
322 392 442 422 essent
468 385 590 422 multo
609 385 730 434 magis
749 385 822 421 alia
839 385 1019 434 lugenda,
1039 391 1167 420 tamen

64 435 136 474 hoc
155 436 379 484 doleremus,
399 437 515 488 quod,
536 450 613 488 quo
631 444 799 487 tempore
819 445 906 474 aetas
925 445 1063 483 nostra,
1084 449 1169 486 per--

65 488 197 527 functa
213 492 326 528 rebus
350 490 606 541 amplissimis,
626 498 822 540 tamquam
842 491 881 527 in
900 498 1052 540 portum
1079 502 1167 527 con-

65 541 197 593 fugere
221 543 386 591 deberet,
406 556 482 581 non
508 543 651 580 inertiae
676 556 799 594 neque
824 543 989 591 desidiae,
1011 543 1074 581 sed
1100 543 1167 579 otii

66 596 252 634 moderati
282 605 395 648 atque
423 597 595 641 honesti3
638 609 801 646 cumque
829 596 911 647 ipsa
940 597 1058 634 oratio
1083 597 1166 644 jam

66 656 194 686 nostra
204 658 423 697 canesceret,
433 650 662 700 haberetque
673 662 780 687 suam
792 650 999 700 quamdam
1011 649 1169 686 maturi-

67 708 199 750 tatem,
213 711 249 741 et
263 703 371 754 quasi
382 710 609 741 senectutem
623 716 634 746 ς
656 710 739 740 tum
754 715 860 740 arma
871 710 959 740 sunt
971 716 1015 740 ea
1029 709 1168 751 sumta,

63 756 204 806 quibus
221 756 278 793 illi
291 756 377 807 ipsi,
393 756 460 808 qui
472 756 678 793 didicerant
696 757 748 793 eis
767 756 824 793 uti
841 756 1013 806 gloriose,
1031 768 1165 807 quem-

63 808 272 847 admodum
308 809 518 847 salutariter
554 817 761 855 uterentur,
799 822 875 847 non
917 809 1165 860 reperiebant.

66 861 204 913 Itaque
222 863 250 900 ii
271 863 367 900 mihi
392 863 568 901 videntur
593 863 782 900 fortunate
806 864 989 913 beateque
1010 862 1162 909 vixisse,

65 927 154 952 cum
181 915 220 953 in
246 916 386 954 caeteris
411 916 637 963 civitatibus,
658 923 741 953 tum
766 916 933 953 maxime
957 916 997 952 in
1022 916 1165 963 nostra,

61 968 202 1019 quibus
227 982 316 1007 cum
341 969 572 1016 auctoritate,
593 981 795 1020 rerumque
819 977 1011 1019 gestarum
1029 969 1163 1019 gloria,

63 1028 148 1058 tum
167 1022 281 1060 etiam
307 1022 498 1073 sapientiae
522 1022 648 1069 laude,
669 1022 812 1072 perfrui
837 1022 967 1060 licuit:
997 1035 1166 1073 quorum·

61 1076 246 1113 memoria
271 1082 307 1113 et
331 1075 535 1113 recordatio
558 1075 599 1112 in
624 1075 803 1113 maximis
828 1075 964 1113 nostris
988 1076 1163 1126 gravissi-

60 1128 209 1180 misque
227 1129 324 1167 curis
340 1129 510 1178 jucunda
534 1141 622 1166 sane
646 1128 734 1176 fuit,
754 1141 842 1167 cum
866 1129 907 1167 in
932 1142 1016 1167 eam
1041 1142 1164 1181 nuper

61 1193 109 1220 ex
129 1194 298 1220 sermone
317 1182 483 1233 quodam
500 1182 772 1225 incidissemus.

115 1235 198 1273 ΙΙΙ.
229 1235 349 1283 Nam,
370 1248 458 1273 cum
476 1236 754 1273 inambularem
776 1235 817 1273 in
836 1243 960 1286 xysto,
981 1243 1018 1275 et
1042 1250 1162 1276 essem

60 1288 201 1326 otiosus
219 1288 336 1336 domi,
350 1289 411 1326 M.
423 1289 472 1326 ad
485 1301 548 1326 me
562 1289 708 1326 Brutus
727 1292 787 1331 (ut
804 1298 1060 1338 consueverat)
1073 1305 1162 1330 cum

61 1341 111 1380 T.
133 1341 345 1392 Pomponio
373 1351 538 1389 venerat,
568 1342 740 1379 homines
769 1354 856 1380 cum
888 1343 986 1381 inter
1013 1357 1052 1382 se
1075 1358 1164 1384 con-

58 1394 197 1444 juncti,
221 1402 304 1432 tum
330 1394 426 1432 mihi
449 1395 502 1432 ita
520 1395 609 1442 cari,
628 1395 756 1445 itaque
771 1395 946 1444 jucundi,
966 1404 1010 1434 ut
1029 1411 1160 1437 eorum

59 1447 239 1499 adspectu
258 1448 394 1495 omnis,
415 1461 501 1498 quae
518 1460 580 1485 me
603 1450 764 1498 angebat
782 1449 829 1486 de
846 1450 1053 1499 republica,
1074 1463 1164 1491 cura

62 1501 280 1538 consederit.
310 1500 418 1548 Quos
446 1508 647 1552 postquam
672 1502 846 1549 salutavi,
874 1502 981 1549 Quid
1000 1516 1077 1553 vos,
1105 1506 1165 1543 im

60 1567 193 1606 quam,
214 1554 336 1592 Brute
355 1561 392 1591 et
409 1554 552 1601 Attice,
580 1566 681 1592 nunc
698 1557 715 1592 Ρ
744 1555 838 1606 quid
863 1555 1016 1594 tandem
1042 1559 1162 1597 novi?

60 1608 173 1645 Nihil
201 1620 303 1656 sane,
331 1607 456 1658 inquit
474 1607 632 1655 Brutus,
653 1607 756 1659 quod
774 1608 928 1660 quidem
947 1617 1014 1648 aut
1032 1617 1076 1649 tu
1094 1625 1163 1650 au-

60 1660 140 1698 dire
159 1661 264 1709 velis,
284 1668 351 1698 aut
368 1673 439 1711 ego
456 1673 525 1712 pro
544 1668 643 1699 certo
661 1661 782 1699 dicere
800 1662 973 1700 audeam.

116 1713 223 1751 Tum
237 1715 404 1761 Atticus,
420 1713 494 1761 Eo,
510 1714 649 1765 inquit,
663 1714 711 1752 ad
730 1722 766 1752 te
781 1715 908 1753 animo
919 1716 1105 1765 venimus,
1117 1724 1163 1756 ut

62 1766 110 1804 de
133 1767 328 1818 republica
353 1774 448 1805 esset
472 1767 680 1815 silentium,
708 1775 746 1805 et
775 1768 919 1819 aliquid
947 1770 1164 1809 audiremus

61 1820 187 1871 potius
205 1833 252 1859 ex
263 1827 314 1869 te,
329 1833 446 1871 quam
465 1827 502 1858 te
521 1820 752 1860 afficeremus
770 1821 851 1859 ulla
868 1822 1051 1860 molestia.
1082 1824 1163 1862 Vos

61 1886 163 1921 vero,
183 1874 356 1924 inquam,
375 1873 518 1920 Attice,
539 1881 575 1911 et
593 1881 814 1924 praesentem
833 1887 895 1912 me
909 1889 998 1913 cura
1012 1876 1159 1924 levatis,

64 1933 101 1963 et
123 1927 267 1965 absenti
292 1939 433 1977 magna
457 1926 588 1964 solatia
606 1926 782 1965 dedistis.
812 1940 917 1975 nam,
937 1929 1067 1966 vestris
1085 1930 1163 1980 pri..

62 1991 173 2016 mum
197 1979 314 2018 literis
339 1986 538 2027 recreatus,
564 1992 628 2017 me
651 1980 700 2017 ad
725 1980 884 2031 pristina
909 1981 1034 2019 studia
1057 1995 1163 2021 revo-

62 2032 155 2070 cavi„
183 2033 291 2071 Tum
308 2033 387 2081 ille,
408 2033 519 2083 Legi,
534 2032 674 2084 inquit,
694 2034 935 2083 perlubenter
949 2035 1160 2085 epistolam,

59 2097 179 2136 quam
196 2085 246 2123 ad
262 2093 300 2124 te
318 2086 463 2124 Brutus
480 2085 584 2123 misit
597 2098 645 2124 ex
663 2087 774 2131 Asia,
790 2100 868 2137 qua
885 2087 982 2125 mihi
995 2088 1096 2127 visus
1109 2098 1164 2128 est

56 2146 95 2177 et
125 2151 280 2178 monere
308 2146 347 2178 te
377 2138 599 2191 prudenter,
636 2147 674 2178 et
709 2140 892 2180 consolari
928 2141 1163 2182 amicissime.
