<?xml version="1.0" encoding="UTF-8"?>
<!DOCTYPE html PUBLIC "-//W3C//DTD XHTML 1.0 Transitional//EN"
    "http://www.w3.org/TR/xhtml1/DTD/xhtml1-transitional.dtd">
<html xmlns="http://www.w3.org/1999/xhtml" xml:lang="en" lang="en">
 <head>
  <title>
</title>
<meta http-equiv="Content-Type" content="text/html;charset=utf-8" />
  <meta name='ocr-system' content='tesseract 3.04.00' />
  <meta name='ocr-capabilities' content='ocr_page ocr_carea ocr_par ocr_line ocrx_word'/>
</head>
<body>
  <div class='ocr_page' id='page_1' title='image "./operaern01ciceuoft_0299.png"; bbox 0 0 1407 2334; ppageno 0'>
   <div class='ocr_carea' id='block_1_1' title="bbox 243 101 1189 150">
    <p class='ocr_par' dir='ltr' id='par_1_1' title="bbox 243 101 1189 150">
     <span class='ocr_line' id='line_1_1' title="bbox 243 101 1189 150; baseline 0 -10"><span class='ocrx_word' id='word_1_1' title='bbox 243 101 319 141; x_wconf 82' lang='lat' dir='ltr'><strong>m:</strong></span> <span class='ocrx_word' id='word_1_2' title='bbox 347 102 638 150; x_wconf 82' lang='lat' dir='ltr'><strong>ORATORE,</strong></span> <span class='ocrx_word' id='word_1_3' title='bbox 668 102 765 140; x_wconf 64' lang='grc' dir='ltr'><strong>ιω.</strong></span> <span class='ocrx_word' id='word_1_4' title='bbox 788 102 845 140; x_wconf 89' lang='lat'><strong>11.</strong></span> <span class='ocrx_word' id='word_1_5' title='bbox 874 101 977 140; x_wconf 62' lang='lat' dir='ltr'><strong>cM».</strong></span> <span class='ocrx_word' id='word_1_6' title='bbox 998 104 1061 140; x_wconf 81' lang='lat'><strong>84.</strong></span> <span class='ocrx_word' id='word_1_7' title='bbox 1115 103 1189 140; x_wconf 84' lang='lat'><strong>281</strong></span> 
     </span>
    </p>
   </div>
   <div class='ocr_carea' id='block_1_2' title="bbox 106 207 1225 2252">
    <p class='ocr_par' dir='ltr' id='par_1_2' title="bbox 106 207 1206 722">
     <span class='ocr_line' id='line_1_2' title="bbox 106 207 1202 259; baseline 0 -13"><span class='ocrx_word' id='word_1_8' title='bbox 106 207 321 246; x_wconf 87' lang='lat' dir='ltr'><strong>multitudo.</strong></span> <span class='ocrx_word' id='word_1_9' title='bbox 365 207 514 259; x_wconf 79' lang='lat' dir='ltr'>Hisque</span> <span class='ocrx_word' id='word_1_10' title='bbox 527 215 687 258; x_wconf 88' lang='lat' dir='ltr'><strong>quatuor</strong></span> <span class='ocrx_word' id='word_1_11' title='bbox 701 209 818 246; x_wconf 87' lang='lat' dir='ltr'><strong>causis</strong></span> <span class='ocrx_word' id='word_1_12' title='bbox 834 207 989 246; x_wconf 83' lang='lat' dir='ltr'><strong>totidem</strong></span> <span class='ocrx_word' id='word_1_13' title='bbox 1007 207 1202 246; x_wconf 81' lang='lat' dir='ltr'><strong>medicinae</strong></span> 
     </span>
     <span class='ocr_line' id='line_1_3' title="bbox 106 261 1203 312; baseline 0 -14"><span class='ocrx_word' id='word_1_14' title='bbox 106 268 372 312; x_wconf 74' lang='lat' dir='ltr'><strong>opponuntun</strong></span> <span class='ocrx_word' id='word_1_15' title='bbox 400 268 484 298; x_wconf 91' lang='lat' dir='ltr'><strong>tum</strong></span> <span class='ocrx_word' id='word_1_16' title='bbox 502 262 726 311; x_wconf 85' lang='lat' dir='ltr'><strong>objurgatio,</strong></span> <span class='ocrx_word' id='word_1_17' title='bbox 747 261 777 298; x_wconf 89' lang='lat' dir='ltr'><strong>si</strong></span> <span class='ocrx_word' id='word_1_18' title='bbox 795 269 850 299; x_wconf 92' lang='lat' dir='ltr'><strong>est</strong></span> <span class='ocrx_word' id='word_1_19' title='bbox 868 261 1090 305; x_wconf 73' lang='lat' dir='ltr'><strong>auctoritas3</strong></span> <span class='ocrx_word' id='word_1_20' title='bbox 1119 268 1203 298; x_wconf 91' lang='lat' dir='ltr'><strong>tum</strong></span> 
     </span>
     <span class='ocr_line' id='line_1_4' title="bbox 107 313 1201 365; baseline 0.001 -15"><span class='ocrx_word' id='word_1_21' title='bbox 107 313 327 361; x_wconf 78' lang='lat' dir='ltr'><strong>admonitio,</strong></span> <span class='ocrx_word' id='word_1_22' title='bbox 348 314 455 365; x_wconf 83' lang='lat' dir='ltr'>quasi</span> <span class='ocrx_word' id='word_1_23' title='bbox 473 314 591 352; x_wconf 89' lang='lat' dir='ltr'><strong>lenior</strong></span> <span class='ocrx_word' id='word_1_24' title='bbox 617 314 853 364; x_wconf 75' lang='lat' dir='ltr'><strong>objurgatio3</strong></span> <span class='ocrx_word' id='word_1_25' title='bbox 883 321 967 351; x_wconf 91' lang='lat' dir='ltr'><strong>tum</strong></span> <span class='ocrx_word' id='word_1_26' title='bbox 991 314 1201 364; x_wconf 85' lang='lat' dir='ltr'><strong>promissio,</strong></span> 
     </span>
     <span class='ocr_line' id='line_1_5' title="bbox 110 366 1202 418; baseline 0.001 -15"><span class='ocrx_word' id='word_1_27' title='bbox 110 367 142 404; x_wconf 90' lang='lat' dir='ltr'><strong>si</strong></span> <span class='ocrx_word' id='word_1_28' title='bbox 160 366 358 414; x_wconf 79' lang='lat' dir='ltr'>audierint,</span> <span class='ocrx_word' id='word_1_29' title='bbox 378 368 623 418; x_wconf 84' lang='lat' dir='ltr'><strong>probaturos:</strong></span> <span class='ocrx_word' id='word_1_30' title='bbox 654 375 735 404; x_wconf 90' lang='lat' dir='ltr'><strong>tum</strong></span> <span class='ocrx_word' id='word_1_31' title='bbox 764 367 996 418; x_wconf 83' lang='lat' dir='ltr'><strong>deprecati03</strong></span> <span class='ocrx_word' id='word_1_32' title='bbox 1026 367 1128 418; x_wconf 89' lang='lat' dir='ltr'><strong>quod</strong></span> <span class='ocrx_word' id='word_1_33' title='bbox 1147 373 1202 404; x_wconf 58' lang='lat' dir='ltr'><strong>est</strong></span> 
     </span>
     <span class='ocr_line' id='line_1_6' title="bbox 111 419 1203 471; baseline 0.001 -15"><span class='ocrx_word' id='word_1_34' title='bbox 111 419 302 467; x_wconf 85' lang='lat' dir='ltr'><strong>infimum,</strong></span> <span class='ocrx_word' id='word_1_35' title='bbox 322 419 386 457; x_wconf 89' lang='lat' dir='ltr'><strong>sed</strong></span> <span class='ocrx_word' id='word_1_36' title='bbox 404 432 676 471; x_wconf 90' lang='lat' dir='ltr'><strong>nonnunquam</strong></span> <span class='ocrx_word' id='word_1_37' title='bbox 695 420 798 457; x_wconf 89' lang='lat' dir='ltr'><strong>utile.</strong></span> <span class='ocrx_word' id='word_1_38' title='bbox 838 420 959 457; x_wconf 90' lang='lat' dir='ltr'><strong>Nullo</strong></span> <span class='ocrx_word' id='word_1_39' title='bbox 977 427 1103 457; x_wconf 88' lang='lat' dir='ltr'><strong>autem</strong></span> <span class='ocrx_word' id='word_1_40' title='bbox 1121 420 1203 457; x_wconf 91' lang='lat' dir='ltr'><strong>loco</strong></span> 
     </span>
     <span class='ocr_line' id='line_1_7' title="bbox 111 472 1205 523; baseline 0 -14"><span class='ocrx_word' id='word_1_41' title='bbox 111 473 198 522; x_wconf 87' lang='lat' dir='ltr'><strong>plus</strong></span> <span class='ocrx_word' id='word_1_42' title='bbox 224 472 366 510; x_wconf 86' lang='lat' dir='ltr'><strong>facetiae</strong></span> <span class='ocrx_word' id='word_1_43' title='bbox 390 480 560 523; x_wconf 78' lang='lat' dir='ltr'><strong>prosunt,</strong></span> <span class='ocrx_word' id='word_1_44' title='bbox 590 481 626 510; x_wconf 90' lang='lat' dir='ltr'><strong>et</strong></span> <span class='ocrx_word' id='word_1_45' title='bbox 649 473 829 520; x_wconf 77' lang='lat' dir='ltr'>celeritas,</span> <span class='ocrx_word' id='word_1_46' title='bbox 856 479 892 510; x_wconf 87' lang='lat' dir='ltr'><strong>et</strong></span> <span class='ocrx_word' id='word_1_47' title='bbox 914 474 1026 510; x_wconf 90' lang='lat' dir='ltr'><strong>breve</strong></span> <span class='ocrx_word' id='word_1_48' title='bbox 1051 472 1205 522; x_wconf 84' lang='lat' dir='ltr'><strong>aliquod</strong></span> 
     </span>
     <span class='ocr_line' id='line_1_8' title="bbox 111 525 1205 576; baseline 0.001 -15"><span class='ocrx_word' id='word_1_49' title='bbox 111 525 270 572; x_wconf 88' lang='lat' dir='ltr'><strong>dictum,</strong></span> <span class='ocrx_word' id='word_1_50' title='bbox 301 537 369 563; x_wconf 88' lang='lat' dir='ltr'><strong>nec</strong></span> <span class='ocrx_word' id='word_1_51' title='bbox 398 526 477 563; x_wconf 88' lang='lat' dir='ltr'><strong>sine</strong></span> <span class='ocrx_word' id='word_1_52' title='bbox 508 525 702 576; x_wconf 78' lang='lat' dir='ltr'><strong>dignitate,</strong></span> <span class='ocrx_word' id='word_1_53' title='bbox 734 533 770 563; x_wconf 92' lang='lat' dir='ltr'><strong>et</strong></span> <span class='ocrx_word' id='word_1_54' title='bbox 798 538 885 563; x_wconf 89' lang='lat' dir='ltr'><strong>cum</strong></span> <span class='ocrx_word' id='word_1_55' title='bbox 909 526 1045 575; x_wconf 86' lang='lat' dir='ltr'><strong>lepore.</strong></span> <span class='ocrx_word' id='word_1_56' title='bbox 1094 525 1205 562; x_wconf 91' lang='lat' dir='ltr'><strong>Nihil</strong></span> 
     </span>
     <span class='ocr_line' id='line_1_9' title="bbox 112 578 1206 629; baseline -0.002 -13"><span class='ocrx_word' id='word_1_57' title='bbox 112 578 214 616; x_wconf 89' lang='lat' dir='ltr'><strong>enim</strong></span> <span class='ocrx_word' id='word_1_58' title='bbox 233 584 311 614; x_wconf 87' lang='lat' dir='ltr'><strong>tam</strong></span> <span class='ocrx_word' id='word_1_59' title='bbox 325 578 447 625; x_wconf 86' lang='lat' dir='ltr'><strong>facile,</strong></span> <span class='ocrx_word' id='word_1_60' title='bbox 467 592 582 629; x_wconf 90' lang='lat' dir='ltr'><strong>quam</strong></span> <span class='ocrx_word' id='word_1_61' title='bbox 602 579 818 625; x_wconf 91' lang='lat' dir='ltr'><strong>multitudo,</strong></span> <span class='ocrx_word' id='word_1_62' title='bbox 834 592 857 615; x_wconf 88' lang='lat' dir='ltr'><strong>a</strong></span> <span class='ocrx_word' id='word_1_63' title='bbox 875 578 1036 623; x_wconf 58' lang='lat' dir='ltr'><strong>tristitia,</strong></span> <span class='ocrx_word' id='word_1_64' title='bbox 1053 584 1089 615; x_wconf 93' lang='lat' dir='ltr'><strong>et</strong></span> <span class='ocrx_word' id='word_1_65' title='bbox 1108 591 1206 628; x_wconf 90' lang='lat' dir='ltr'><strong>saepe</strong></span> 
     </span>
     <span class='ocr_line' id='line_1_10' title="bbox 113 630 1205 680; baseline 0 -13"><span class='ocrx_word' id='word_1_66' title='bbox 113 632 160 668; x_wconf 88' lang='lat' dir='ltr'><strong>ab</strong></span> <span class='ocrx_word' id='word_1_67' title='bbox 180 631 391 678; x_wconf 86' lang='lat' dir='ltr'><strong>acerbitate,</strong></span> <span class='ocrx_word' id='word_1_68' title='bbox 411 632 618 679; x_wconf 89' lang='lat' dir='ltr'><strong>commode,</strong></span> <span class='ocrx_word' id='word_1_69' title='bbox 639 645 681 670; x_wconf 87' lang='lat' dir='ltr'><strong>ac</strong></span> <span class='ocrx_word' id='word_1_70' title='bbox 695 632 868 680; x_wconf 88' lang='lat' dir='ltr'><strong>breviter,</strong></span> <span class='ocrx_word' id='word_1_71' title='bbox 888 638 924 668; x_wconf 92' lang='lat' dir='ltr'><strong>et</strong></span> <span class='ocrx_word' id='word_1_72' title='bbox 942 637 1062 679; x_wconf 73' lang='lat' dir='ltr'><strong>acute,</strong></span> <span class='ocrx_word' id='word_1_73' title='bbox 1092 638 1129 668; x_wconf 89' lang='lat' dir='ltr'><strong>et</strong></span> <span class='ocrx_word' id='word_1_74' title='bbox 1146 630 1205 667; x_wconf 90' lang='lat' dir='ltr'><strong>hi-</strong></span> 
     </span>
     <span class='ocr_line' id='line_1_11' title="bbox 113 683 533 722; baseline 0.005 -2"><span class='ocrx_word' id='word_1_75' title='bbox 113 684 192 720; x_wconf 87' lang='lat' dir='ltr'><strong>lare</strong></span> <span class='ocrx_word' id='word_1_76' title='bbox 210 683 308 720; x_wconf 91' lang='lat' dir='ltr'><strong>dicto</strong></span> <span class='ocrx_word' id='word_1_77' title='bbox 326 684 533 722; x_wconf 81' lang='lat' dir='ltr'><strong>deducitur.</strong></span> 
     </span>
    </p>

    <p class='ocr_par' dir='ltr' id='par_1_3' title="bbox 113 735 1220 1991">
     <span class='ocr_line' id='line_1_12' title="bbox 168 735 1209 788; baseline -0.001 -15"><span class='ocrx_word' id='word_1_78' title='bbox 168 736 405 774; x_wconf 88' lang='lat' dir='ltr'>LXXXIV.</span> <span class='ocrx_word' id='word_1_79' title='bbox 434 737 606 788; x_wconf 87' lang='lat' dir='ltr'><strong>Exposui</strong></span> <span class='ocrx_word' id='word_1_80' title='bbox 620 737 709 785; x_wconf 85' lang='lat' dir='ltr'><strong>fere,</strong></span> <span class='ocrx_word' id='word_1_81' title='bbox 729 744 772 774; x_wconf 90' lang='lat' dir='ltr'><strong>ut</strong></span> <span class='ocrx_word' id='word_1_82' title='bbox 785 736 904 787; x_wconf 91' lang='lat' dir='ltr'><strong>potui,</strong></span> <span class='ocrx_word' id='word_1_83' title='bbox 921 735 1038 782; x_wconf 84' lang='lat' dir='ltr'><strong>vobis,</strong></span> <span class='ocrx_word' id='word_1_84' title='bbox 1052 735 1091 772; x_wconf 93' lang='lat' dir='ltr'><strong>in</strong></span> <span class='ocrx_word' id='word_1_85' title='bbox 1106 742 1209 773; x_wconf 87' lang='lat' dir='ltr'><strong>utro-</strong></span> 
     </span>
     <span class='ocr_line' id='line_1_13' title="bbox 115 788 1206 851; baseline -0.001 -25"><span class='ocrx_word' id='word_1_86' title='bbox 115 802 190 840; x_wconf 88' lang='lat' dir='ltr'><strong>que</strong></span> <span class='ocrx_word' id='word_1_87' title='bbox 207 799 341 840; x_wconf 85' lang='lat' dir='ltr'><strong>genere</strong></span> <span class='ocrx_word' id='word_1_88' title='bbox 352 803 547 828; x_wconf 86' lang='lat' dir='ltr'><strong>causarum</strong></span> <span class='ocrx_word' id='word_1_89' title='bbox 563 803 648 841; x_wconf 86' lang='lat' dir='ltr'><strong>quae</strong></span> <span class='ocrx_word' id='word_1_90' title='bbox 659 790 769 851; x_wconf 82' lang='lat' dir='ltr'><strong>sequi</strong></span> <span class='ocrx_word' id='word_1_91' title='bbox 779 790 949 836; x_wconf 88' lang='lat' dir='ltr'><strong>solerem,</strong></span> <span class='ocrx_word' id='word_1_92' title='bbox 966 801 1051 839; x_wconf 86' lang='lat' dir='ltr'><strong>quae</strong></span> <span class='ocrx_word' id='word_1_93' title='bbox 1062 788 1206 838; x_wconf 88' lang='lat' dir='ltr'><strong>fugere,</strong></span> 
     </span>
     <span class='ocr_line' id='line_1_14' title="bbox 116 841 1209 894; baseline -0.002 -15"><span class='ocrx_word' id='word_1_94' title='bbox 116 855 201 892; x_wconf 90' lang='lat' dir='ltr'><strong>quae</strong></span> <span class='ocrx_word' id='word_1_95' title='bbox 220 849 397 892; x_wconf 86' lang='lat' dir='ltr'><strong>spectare,</strong></span> <span class='ocrx_word' id='word_1_96' title='bbox 419 844 570 894; x_wconf 88' lang='lat' dir='ltr'><strong>quaque</strong></span> <span class='ocrx_word' id='word_1_97' title='bbox 588 844 741 881; x_wconf 90' lang='lat' dir='ltr'><strong>omnino</strong></span> <span class='ocrx_word' id='word_1_98' title='bbox 759 843 799 879; x_wconf 90' lang='lat' dir='ltr'><strong>in</strong></span> <span class='ocrx_word' id='word_1_99' title='bbox 818 842 936 880; x_wconf 89' lang='lat' dir='ltr'><strong>causis</strong></span> <span class='ocrx_word' id='word_1_100' title='bbox 961 841 1104 878; x_wconf 88' lang='lat' dir='ltr'><strong>ratione</strong></span> <span class='ocrx_word' id='word_1_101' title='bbox 1128 854 1209 878; x_wconf 88' lang='lat' dir='ltr'><strong>ver-</strong></span> 
     </span>
     <span class='ocr_line' id='line_1_15' title="bbox 113 893 1209 954; baseline -0.002 -22"><span class='ocrx_word' id='word_1_102' title='bbox 113 895 198 932; x_wconf 84' lang='lat' dir='ltr'><strong>sari.</strong></span> <span class='ocrx_word' id='word_1_103' title='bbox 238 895 279 932; x_wconf 93' lang='lat' dir='ltr'>N</span> <span class='ocrx_word' id='word_1_104' title='bbox 281 908 321 933; x_wconf 92' lang='lat' dir='ltr'><strong>ec</strong></span> <span class='ocrx_word' id='word_1_105' title='bbox 338 896 435 933; x_wconf 84' lang='lat' dir='ltr'><strong>illud</strong></span> <span class='ocrx_word' id='word_1_106' title='bbox 453 896 604 934; x_wconf 87' lang='lat' dir='ltr'><strong>tertium</strong></span> <span class='ocrx_word' id='word_1_107' title='bbox 622 896 883 933; x_wconf 89' lang='lat' dir='ltr'><strong>laudationum</strong></span> <span class='ocrx_word' id='word_1_108' title='bbox 899 906 1019 954; x_wconf 81' lang='lat' dir='ltr'><strong>genus</strong></span> <span class='ocrx_word' id='word_1_109' title='bbox 1039 901 1093 931; x_wconf 88' lang='lat' dir='ltr'><strong>est</strong></span> <span class='ocrx_word' id='word_1_110' title='bbox 1111 893 1209 930; x_wconf 81' lang='lat' dir='ltr'><strong>diffi-</strong></span> 
     </span>
     <span class='ocr_line' id='line_1_16' title="bbox 120 947 1214 1000; baseline -0.002 -15"><span class='ocrx_word' id='word_1_111' title='bbox 120 947 204 995; x_wconf 91' lang='lat' dir='ltr'><strong>cile,</strong></span> <span class='ocrx_word' id='word_1_112' title='bbox 225 948 327 998; x_wconf 92' lang='lat' dir='ltr'><strong>quod</strong></span> <span class='ocrx_word' id='word_1_113' title='bbox 346 961 414 999; x_wconf 88' lang='lat' dir='ltr'><strong>ego</strong></span> <span class='ocrx_word' id='word_1_114' title='bbox 432 949 539 986; x_wconf 90' lang='lat' dir='ltr'><strong>initio</strong></span> <span class='ocrx_word' id='word_1_115' title='bbox 557 949 664 1000; x_wconf 89' lang='lat' dir='ltr'><strong>quasi</strong></span> <span class='ocrx_word' id='word_1_116' title='bbox 689 962 711 986; x_wconf 91' lang='lat' dir='ltr'><strong>a</strong></span> <span class='ocrx_word' id='word_1_117' title='bbox 735 948 928 999; x_wconf 88' lang='lat' dir='ltr'><strong>praeceptis</strong></span> <span class='ocrx_word' id='word_1_118' title='bbox 947 947 1080 985; x_wconf 86' lang='lat' dir='ltr'><strong>nostris</strong></span> <span class='ocrx_word' id='word_1_119' title='bbox 1099 959 1214 984; x_wconf 85' lang='lat' dir='ltr'><strong>secre-</strong></span> 
     </span>
     <span class='ocr_line' id='line_1_17' title="bbox 116 1000 1208 1053; baseline -0.001 -16"><span class='ocrx_word' id='word_1_120' title='bbox 116 1013 266 1038; x_wconf 86' lang='lat' dir='ltr'><strong>veram:</strong></span> <span class='ocrx_word' id='word_1_121' title='bbox 296 1001 374 1050; x_wconf 88' lang='lat' dir='ltr'><strong>sed,</strong></span> <span class='ocrx_word' id='word_1_122' title='bbox 402 1009 438 1039; x_wconf 86' lang='lat' dir='ltr'><strong>et</strong></span> <span class='ocrx_word' id='word_1_123' title='bbox 463 1002 553 1053; x_wconf 90' lang='lat' dir='ltr'><strong>quia</strong></span> <span class='ocrx_word' id='word_1_124' title='bbox 577 1002 700 1039; x_wconf 88' lang='lat' dir='ltr'><strong>multa</strong></span> <span class='ocrx_word' id='word_1_125' title='bbox 722 1008 811 1039; x_wconf 89' lang='lat' dir='ltr'><strong>sunt</strong></span> <span class='ocrx_word' id='word_1_126' title='bbox 828 1000 1040 1039; x_wconf 84' lang='lat' dir='ltr'><strong>orationum</strong></span> <span class='ocrx_word' id='word_1_127' title='bbox 1059 1012 1208 1050; x_wconf 89' lang='lat' dir='ltr'><strong>genera,</strong></span> 
     </span>
     <span class='ocr_line' id='line_1_18' title="bbox 115 1053 1211 1104; baseline -0.001 -14"><span class='ocrx_word' id='word_1_128' title='bbox 115 1060 153 1091; x_wconf 86' lang='lat' dir='ltr'><strong>et</strong></span> <span class='ocrx_word' id='word_1_129' title='bbox 176 1053 359 1103; x_wconf 83' lang='lat' dir='ltr'><strong>graviora,</strong></span> <span class='ocrx_word' id='word_1_130' title='bbox 387 1062 424 1092; x_wconf 92' lang='lat' dir='ltr'><strong>et</strong></span> <span class='ocrx_word' id='word_1_131' title='bbox 450 1055 602 1103; x_wconf 88' lang='lat' dir='ltr'><strong>majoris</strong></span> <span class='ocrx_word' id='word_1_132' title='bbox 626 1054 756 1104; x_wconf 85' lang='lat' dir='ltr'><strong>copiae,</strong></span> <span class='ocrx_word' id='word_1_133' title='bbox 782 1054 829 1090; x_wconf 81' lang='lat' dir='ltr'><strong>de</strong></span> <span class='ocrx_word' id='word_1_134' title='bbox 847 1053 986 1104; x_wconf 93' lang='lat' dir='ltr'><strong>quibus</strong></span> <span class='ocrx_word' id='word_1_135' title='bbox 1004 1065 1115 1090; x_wconf 93' lang='lat' dir='ltr'><strong>nemo</strong></span> <span class='ocrx_word' id='word_1_136' title='bbox 1134 1053 1211 1090; x_wconf 88' lang='lat' dir='ltr'><strong>fere</strong></span> 
     </span>
     <span class='ocr_line' id='line_1_19' title="bbox 115 1106 1212 1158; baseline -0.001 -15"><span class='ocrx_word' id='word_1_137' title='bbox 115 1106 344 1157; x_wconf 83' lang='lat' dir='ltr'><strong>praeciperet,</strong></span> <span class='ocrx_word' id='word_1_138' title='bbox 366 1114 402 1144; x_wconf 92' lang='lat' dir='ltr'><strong>et</strong></span> <span class='ocrx_word' id='word_1_139' title='bbox 419 1107 520 1158; x_wconf 89' lang='lat' dir='ltr'><strong>quod</strong></span> <span class='ocrx_word' id='word_1_140' title='bbox 539 1120 606 1145; x_wconf 92' lang='lat' dir='ltr'><strong>nos</strong></span> <span class='ocrx_word' id='word_1_141' title='bbox 629 1106 908 1144; x_wconf 89' lang='lat' dir='ltr'><strong>laudationibus</strong></span> <span class='ocrx_word' id='word_1_142' title='bbox 933 1118 1009 1143; x_wconf 92' lang='lat' dir='ltr'><strong>non</strong></span> <span class='ocrx_word' id='word_1_143' title='bbox 1034 1106 1087 1143; x_wconf 86' lang='lat' dir='ltr'><strong>ita</strong></span> <span class='ocrx_word' id='word_1_144' title='bbox 1110 1107 1212 1143; x_wconf 91' lang='lat' dir='ltr'><strong>mul-</strong></span> 
     </span>
     <span class='ocr_line' id='line_1_20' title="bbox 117 1159 1211 1210; baseline -0.001 -14"><span class='ocrx_word' id='word_1_145' title='bbox 117 1166 201 1196; x_wconf 90' lang='lat' dir='ltr'><strong>tum</strong></span> <span class='ocrx_word' id='word_1_146' title='bbox 219 1159 276 1197; x_wconf 93' lang='lat' dir='ltr'><strong>uti</strong></span> <span class='ocrx_word' id='word_1_147' title='bbox 293 1160 509 1208; x_wconf 89' lang='lat' dir='ltr'><strong>soleremus,</strong></span> <span class='ocrx_word' id='word_1_148' title='bbox 533 1166 654 1198; x_wconf 84' lang='lat' dir='ltr'><strong>totum</strong></span> <span class='ocrx_word' id='word_1_149' title='bbox 682 1160 783 1197; x_wconf 89' lang='lat' dir='ltr'><strong>hunc</strong></span> <span class='ocrx_word' id='word_1_150' title='bbox 809 1160 1050 1210; x_wconf 86' lang='lat' dir='ltr'><strong>segregabam</strong></span> <span class='ocrx_word' id='word_1_151' title='bbox 1072 1159 1211 1196; x_wconf 91' lang='lat' dir='ltr'><strong>locum.</strong></span> 
     </span>
     <span class='ocr_line' id='line_1_21' title="bbox 118 1211 1211 1264; baseline -0.001 -15"><span class='ocrx_word' id='word_1_152' title='bbox 118 1212 199 1262; x_wconf 89' lang='lat' dir='ltr'><strong>Ipsi</strong></span> <span class='ocrx_word' id='word_1_153' title='bbox 210 1213 310 1250; x_wconf 90' lang='lat' dir='ltr'><strong>enim</strong></span> <span class='ocrx_word' id='word_1_154' title='bbox 320 1213 441 1251; x_wconf 85' lang='lat' dir='ltr'><strong>Graeci</strong></span> <span class='ocrx_word' id='word_1_155' title='bbox 453 1212 634 1263; x_wconf 90' lang='lat' dir='ltr'><strong>[legendi,</strong></span> <span class='ocrx_word' id='word_1_156' title='bbox 647 1213 714 1264; x_wconf 92' lang='lat' dir='ltr'><strong>qui</strong></span> <span class='ocrx_word' id='word_1_157' title='bbox 724 1213 844 1263; x_wconf 85' lang='lat' dir='ltr'><strong>magis</strong></span> <span class='ocrx_word' id='word_1_158' title='bbox 855 1211 1211 1263; x_wconf 86' lang='lat' dir='ltr'><strong>aut]delectationis,</strong></span> 
     </span>
     <span class='ocr_line' id='line_1_22' title="bbox 118 1265 1214 1316; baseline -0.001 -14"><span class='ocrx_word' id='word_1_159' title='bbox 118 1272 185 1302; x_wconf 90' lang='lat' dir='ltr'><strong>aut</strong></span> <span class='ocrx_word' id='word_1_160' title='bbox 201 1265 365 1304; x_wconf 91' lang='lat' dir='ltr'><strong>hominis</strong></span> <span class='ocrx_word' id='word_1_161' title='bbox 382 1266 541 1315; x_wconf 89' lang='lat' dir='ltr'><strong>alicujus</strong></span> <span class='ocrx_word' id='word_1_162' title='bbox 565 1266 736 1314; x_wconf 89' lang='lat' dir='ltr'><strong>ornandi,</strong></span> <span class='ocrx_word' id='word_1_163' title='bbox 759 1278 876 1316; x_wconf 89' lang='lat' dir='ltr'><strong>quam</strong></span> <span class='ocrx_word' id='word_1_164' title='bbox 902 1265 1074 1302; x_wconf 85' lang='lat' dir='ltr'><strong>utilitatis</strong></span> <span class='ocrx_word' id='word_1_165' title='bbox 1098 1265 1214 1312; x_wconf 89' lang='lat' dir='ltr'><strong>hujus</strong></span> 
     </span>
     <span class='ocr_line' id='line_1_23' title="bbox 118 1317 1215 1368; baseline -0.001 -13"><span class='ocrx_word' id='word_1_166' title='bbox 118 1317 273 1356; x_wconf 83' lang='lat' dir='ltr'><strong>forensis</strong></span> <span class='ocrx_word' id='word_1_167' title='bbox 291 1319 416 1366; x_wconf 85' lang='lat' dir='ltr'><strong>causa,</strong></span> <span class='ocrx_word' id='word_1_168' title='bbox 445 1319 677 1357; x_wconf 87' lang='lat' dir='ltr'><strong>laudationes</strong></span> <span class='ocrx_word' id='word_1_169' title='bbox 695 1318 1022 1368; x_wconf 84' lang='lat' dir='ltr'><strong>scriptitaverunt3</strong></span> <span class='ocrx_word' id='word_1_170' title='bbox 1052 1329 1215 1367; x_wconf 91' lang='lat' dir='ltr'><strong>quorum</strong></span> 
     </span>
     <span class='ocr_line' id='line_1_24' title="bbox 119 1369 1216 1422; baseline -0.001 -15"><span class='ocrx_word' id='word_1_171' title='bbox 119 1377 208 1408; x_wconf 85' lang='lat' dir='ltr'><strong>sunt</strong></span> <span class='ocrx_word' id='word_1_172' title='bbox 230 1371 330 1418; x_wconf 88' lang='lat' dir='ltr'><strong>libri,</strong></span> <span class='ocrx_word' id='word_1_173' title='bbox 361 1372 499 1422; x_wconf 90' lang='lat' dir='ltr'><strong>quibus</strong></span> <span class='ocrx_word' id='word_1_174' title='bbox 528 1371 814 1418; x_wconf 69' lang='lat' dir='ltr'><strong>Themistocles,</strong></span> <span class='ocrx_word' id='word_1_175' title='bbox 846 1369 1046 1417; x_wconf 89' lang='lat' dir='ltr'><strong>Aristides,</strong></span> <span class='ocrx_word' id='word_1_176' title='bbox 1077 1369 1216 1419; x_wconf 86' lang='lat' dir='ltr'><strong>Agesi·.</strong></span> 
     </span>
     <span class='ocr_line' id='line_1_25' title="bbox 120 1422 1214 1475; baseline -0.001 -15"><span class='ocrx_word' id='word_1_177' title='bbox 120 1423 217 1470; x_wconf 65' lang='lat' dir='ltr'><strong>liius,</strong></span> <span class='ocrx_word' id='word_1_178' title='bbox 238 1423 535 1474; x_wconf 89' lang='lat' dir='ltr'><strong>Epaminondas,</strong></span> <span class='ocrx_word' id='word_1_179' title='bbox 558 1424 771 1475; x_wconf 84' lang='lat' dir='ltr'><strong>Philippus,</strong></span> <span class='ocrx_word' id='word_1_180' title='bbox 798 1422 1032 1471; x_wconf 85' lang='lat' dir='ltr'><strong>Alexander,</strong></span> <span class='ocrx_word' id='word_1_181' title='bbox 1059 1422 1214 1473; x_wconf 89' lang='lat' dir='ltr'><strong>aliique,</strong></span> 
     </span>
     <span class='ocr_line' id='line_1_26' title="bbox 120 1475 1216 1527; baseline -0.001 -14"><span class='ocrx_word' id='word_1_182' title='bbox 120 1476 347 1515; x_wconf 84' lang='lat' dir='ltr'><strong>laudantur:</strong></span> <span class='ocrx_word' id='word_1_183' title='bbox 377 1484 512 1514; x_wconf 89' lang='lat' dir='ltr'><strong>nostrae</strong></span> <span class='ocrx_word' id='word_1_184' title='bbox 536 1477 782 1524; x_wconf 89' lang='lat' dir='ltr'><strong>laudationes,</strong></span> <span class='ocrx_word' id='word_1_185' title='bbox 809 1476 948 1527; x_wconf 91' lang='lat' dir='ltr'><strong>quibus</strong></span> <span class='ocrx_word' id='word_1_186' title='bbox 974 1475 1014 1512; x_wconf 93' lang='lat' dir='ltr'><strong>in</strong></span> <span class='ocrx_word' id='word_1_187' title='bbox 1042 1475 1122 1513; x_wconf 90' lang='lat' dir='ltr'><strong>foro</strong></span> <span class='ocrx_word' id='word_1_188' title='bbox 1139 1475 1216 1512; x_wconf 90' lang='lat' dir='ltr'><strong>uti-</strong></span> 
     </span>
     <span class='ocr_line' id='line_1_27' title="bbox 121 1528 1216 1578; baseline -0.001 -13"><span class='ocrx_word' id='word_1_189' title='bbox 121 1541 222 1576; x_wconf 92' lang='lat' dir='ltr'><strong>mur,</strong></span> <span class='ocrx_word' id='word_1_190' title='bbox 242 1537 309 1566; x_wconf 91' lang='lat' dir='ltr'><strong>aut</strong></span> <span class='ocrx_word' id='word_1_191' title='bbox 326 1530 528 1568; x_wconf 86' lang='lat' dir='ltr'><strong>testimonii</strong></span> <span class='ocrx_word' id='word_1_192' title='bbox 545 1530 765 1568; x_wconf 88' lang='lat' dir='ltr'><strong>brevitatem</strong></span> <span class='ocrx_word' id='word_1_193' title='bbox 783 1529 923 1567; x_wconf 88' lang='lat' dir='ltr'><strong>habent</strong></span> <span class='ocrx_word' id='word_1_194' title='bbox 941 1528 1084 1565; x_wconf 89' lang='lat' dir='ltr'><strong>nudam</strong></span> <span class='ocrx_word' id='word_1_195' title='bbox 1103 1534 1216 1578; x_wconf 86' lang='lat' dir='ltr'><strong>atque</strong></span> 
     </span>
     <span class='ocr_line' id='line_1_28' title="bbox 121 1580 1214 1630; baseline -0.001 -12"><span class='ocrx_word' id='word_1_196' title='bbox 121 1581 346 1630; x_wconf 88' lang='lat' dir='ltr'><strong>inornatam,</strong></span> <span class='ocrx_word' id='word_1_197' title='bbox 369 1589 435 1620; x_wconf 90' lang='lat' dir='ltr'><strong>aut</strong></span> <span class='ocrx_word' id='word_1_198' title='bbox 455 1583 668 1620; x_wconf 87' lang='lat' dir='ltr'><strong>scribuntur</strong></span> <span class='ocrx_word' id='word_1_199' title='bbox 692 1583 739 1620; x_wconf 79' lang='lat' dir='ltr'><strong>ad</strong></span> <span class='ocrx_word' id='word_1_200' title='bbox 767 1581 965 1619; x_wconf 85' lang='lat' dir='ltr'><strong>funebrem</strong></span> <span class='ocrx_word' id='word_1_201' title='bbox 983 1580 1214 1628; x_wconf 86' lang='lat' dir='ltr'><strong>concionem,</strong></span> 
     </span>
     <span class='ocr_line' id='line_1_29' title="bbox 121 1633 1215 1684; baseline -0.001 -13"><span class='ocrx_word' id='word_1_202' title='bbox 121 1647 208 1684; x_wconf 90' lang='lat' dir='ltr'><strong>quae</strong></span> <span class='ocrx_word' id='word_1_203' title='bbox 236 1634 285 1672; x_wconf 90' lang='lat' dir='ltr'><strong>ad</strong></span> <span class='ocrx_word' id='word_1_204' title='bbox 299 1635 474 1673; x_wconf 88' lang='lat' dir='ltr'><strong>orationis</strong></span> <span class='ocrx_word' id='word_1_205' title='bbox 492 1635 644 1673; x_wconf 88' lang='lat' dir='ltr'><strong>laudem</strong></span> <span class='ocrx_word' id='word_1_206' title='bbox 667 1635 825 1673; x_wconf 89' lang='lat' dir='ltr'><strong>minime</strong></span> <span class='ocrx_word' id='word_1_207' title='bbox 849 1633 1129 1672; x_wconf 84' lang='lat' dir='ltr'><strong>accommodata</strong></span> <span class='ocrx_word' id='word_1_208' title='bbox 1149 1640 1215 1671; x_wconf 91' lang='lat' dir='ltr'><strong>est.</strong></span> 
     </span>
     <span class='ocr_line' id='line_1_30' title="bbox 121 1687 1219 1739; baseline -0.002 -14"><span class='ocrx_word' id='word_1_209' title='bbox 121 1687 197 1725; x_wconf 88' lang='lat' dir='ltr'><strong>Sed</strong></span> <span class='ocrx_word' id='word_1_210' title='bbox 207 1695 347 1736; x_wconf 88' lang='lat' dir='ltr'><strong>tamen,</strong></span> <span class='ocrx_word' id='word_1_211' title='bbox 361 1688 540 1739; x_wconf 90' lang='lat' dir='ltr'><strong>quoniam</strong></span> <span class='ocrx_word' id='word_1_212' title='bbox 555 1696 610 1726; x_wconf 88' lang='lat' dir='ltr'><strong>est</strong></span> <span class='ocrx_word' id='word_1_213' title='bbox 622 1688 806 1726; x_wconf 85' lang='lat' dir='ltr'><strong>utendum</strong></span> <span class='ocrx_word' id='word_1_214' title='bbox 817 1687 1033 1738; x_wconf 91' lang='lat' dir='ltr'><strong>aliquando,</strong></span> <span class='ocrx_word' id='word_1_215' title='bbox 1043 1699 1219 1724; x_wconf 89' lang='lat' dir='ltr'><strong>nonnun-</strong></span> 
     </span>
     <span class='ocr_line' id='line_1_31' title="bbox 121 1739 1220 1791; baseline -0.002 -13"><span class='ocrx_word' id='word_1_216' title='bbox 121 1753 239 1791; x_wconf 90' lang='lat' dir='ltr'><strong>quam</strong></span> <span class='ocrx_word' id='word_1_217' title='bbox 258 1740 371 1778; x_wconf 86' lang='lat' dir='ltr'><strong>etiam</strong></span> <span class='ocrx_word' id='word_1_218' title='bbox 390 1741 640 1791; x_wconf 86' lang='lat' dir='ltr'><strong>scribendum,</strong></span> <span class='ocrx_word' id='word_1_219' title='bbox 667 1742 770 1779; x_wconf 88' lang='lat' dir='ltr'><strong>velut</strong></span> <span class='ocrx_word' id='word_1_220' title='bbox 789 1741 834 1778; x_wconf 89' lang='lat' dir='ltr'><strong>P.</strong></span> <span class='ocrx_word' id='word_1_221' title='bbox 855 1739 1050 1777; x_wconf 91' lang='lat' dir='ltr'><strong>Tuberoni</strong></span> <span class='ocrx_word' id='word_1_222' title='bbox 1067 1739 1220 1776; x_wconf 87' lang='lat' dir='ltr'><strong>Africa-</strong></span> 
     </span>
     <span class='ocr_line' id='line_1_32' title="bbox 122 1792 1218 1845; baseline -0.002 -15"><span class='ocrx_word' id='word_1_223' title='bbox 122 1805 218 1832; x_wconf 89' lang='lat' dir='ltr'><strong>num</strong></span> <span class='ocrx_word' id='word_1_224' title='bbox 242 1794 472 1832; x_wconf 77' lang='lat' dir='ltr'><strong>avunculum</strong></span> <span class='ocrx_word' id='word_1_225' title='bbox 497 1794 667 1832; x_wconf 90' lang='lat' dir='ltr'><strong>laudanti</strong></span> <span class='ocrx_word' id='word_1_226' title='bbox 692 1794 837 1845; x_wconf 87' lang='lat' dir='ltr'><strong>scripsit</strong></span> <span class='ocrx_word' id='word_1_227' title='bbox 855 1793 899 1830; x_wconf 88' lang='lat' dir='ltr'><strong>C.</strong></span> <span class='ocrx_word' id='word_1_228' title='bbox 921 1793 1076 1839; x_wconf 87' lang='lat' dir='ltr'><strong>Laelius,</strong></span> <span class='ocrx_word' id='word_1_229' title='bbox 1097 1792 1155 1829; x_wconf 94' lang='lat' dir='ltr'><strong>vel</strong></span> <span class='ocrx_word' id='word_1_230' title='bbox 1174 1798 1218 1828; x_wconf 92' lang='lat' dir='ltr'><strong>ut</strong></span> 
     </span>
     <span class='ocr_line' id='line_1_33' title="bbox 120 1844 1219 1908; baseline -0.002 -25"><span class='ocrx_word' id='word_1_231' title='bbox 120 1846 351 1897; x_wconf 87' lang='lat' dir='ltr'><strong>nosmetipsi,</strong></span> <span class='ocrx_word' id='word_1_232' title='bbox 371 1847 528 1885; x_wconf 86' lang='lat' dir='ltr'><strong>ornandi</strong></span> <span class='ocrx_word' id='word_1_233' title='bbox 546 1860 671 1908; x_wconf 79' lang='lat' dir='ltr'><strong>causa,</strong></span> <span class='ocrx_word' id='word_1_234' title='bbox 693 1847 911 1885; x_wconf 89' lang='lat' dir='ltr'><strong>Graecorum</strong></span> <span class='ocrx_word' id='word_1_235' title='bbox 929 1858 1046 1892; x_wconf 87' lang='lat' dir='ltr'><strong>more,</strong></span> <span class='ocrx_word' id='word_1_236' title='bbox 1068 1844 1098 1881; x_wconf 90' lang='lat' dir='ltr'><strong>si</strong></span> <span class='ocrx_word' id='word_1_237' title='bbox 1124 1857 1219 1894; x_wconf 92' lang='lat' dir='ltr'><strong>quos</strong></span> 
     </span>
     <span class='ocr_line' id='line_1_34' title="bbox 121 1898 1218 1952; baseline -0.002 -16"><span class='ocrx_word' id='word_1_238' title='bbox 121 1899 294 1948; x_wconf 86' lang='lat' dir='ltr'><strong>velimus,</strong></span> <span class='ocrx_word' id='word_1_239' title='bbox 313 1899 466 1939; x_wconf 88' lang='lat' dir='ltr'><strong>laudare</strong></span> <span class='ocrx_word' id='word_1_240' title='bbox 479 1900 689 1952; x_wconf 88' lang='lat' dir='ltr'><strong>possimus;</strong></span> <span class='ocrx_word' id='word_1_241' title='bbox 719 1900 767 1939; x_wconf 85' lang='lat' dir='ltr'><strong>sit</strong></span> <span class='ocrx_word' id='word_1_242' title='bbox 785 1913 808 1938; x_wconf 89' lang='lat' dir='ltr'><strong>a</strong></span> <span class='ocrx_word' id='word_1_243' title='bbox 825 1898 932 1937; x_wconf 89' lang='lat' dir='ltr'><strong>nobis</strong></span> <span class='ocrx_word' id='word_1_244' title='bbox 951 1910 1102 1949; x_wconf 92' lang='lat' dir='ltr'><strong>quoque</strong></span> <span class='ocrx_word' id='word_1_245' title='bbox 1120 1904 1218 1935; x_wconf 90' lang='lat' dir='ltr'><strong>trac-</strong></span> 
     </span>
     <span class='ocr_line' id='line_1_35' title="bbox 123 1952 406 1991; baseline 0.004 -2"><span class='ocrx_word' id='word_1_246' title='bbox 123 1957 224 1990; x_wconf 87' lang='lat' dir='ltr'><strong>tatus</strong></span> <span class='ocrx_word' id='word_1_247' title='bbox 242 1952 273 1990; x_wconf 90' lang='lat' dir='ltr'><strong>is</strong></span> <span class='ocrx_word' id='word_1_248' title='bbox 291 1953 406 1991; x_wconf 91' lang='lat' dir='ltr'><strong>locus.</strong></span> 
     </span>
    </p>

    <p class='ocr_par' dir='ltr' id='par_1_4' title="bbox 122 2002 1225 2212">
     <span class='ocr_line' id='line_1_36' title="bbox 174 2002 1215 2056; baseline -0.003 -14"><span class='ocrx_word' id='word_1_249' title='bbox 174 2005 421 2056; x_wconf 85' lang='lat' dir='ltr'><strong>Perspicuum</strong></span> <span class='ocrx_word' id='word_1_250' title='bbox 447 2013 501 2044; x_wconf 83' lang='lat' dir='ltr'><strong>est</strong></span> <span class='ocrx_word' id='word_1_251' title='bbox 518 2005 646 2056; x_wconf 86' lang='lat' dir='ltr'><strong>igitur,</strong></span> <span class='ocrx_word' id='word_1_252' title='bbox 666 2005 741 2044; x_wconf 87' lang='lat' dir='ltr'><strong>alia</strong></span> <span class='ocrx_word' id='word_1_253' title='bbox 758 2017 835 2044; x_wconf 91' lang='lat' dir='ltr'><strong>esse</strong></span> <span class='ocrx_word' id='word_1_254' title='bbox 852 2005 891 2042; x_wconf 92' lang='lat' dir='ltr'><strong>in</strong></span> <span class='ocrx_word' id='word_1_255' title='bbox 910 2002 1064 2042; x_wconf 88' lang='lat' dir='ltr'><strong>homine</strong></span> <span class='ocrx_word' id='word_1_256' title='bbox 1083 2008 1215 2052; x_wconf 88' lang='lat' dir='ltr'><strong>optan-</strong></span> 
     </span>
     <span class='ocr_line' id='line_1_37' title="bbox 122 2054 1217 2106; baseline -0.005 -9"><span class='ocrx_word' id='word_1_257' title='bbox 122 2055 186 2104; x_wconf 82' lang='lat' dir='ltr'><strong>da,</strong></span> <span class='ocrx_word' id='word_1_258' title='bbox 201 2057 483 2096; x_wconf 88' lang='lat' dir='ltr'><strong>alialaudanda.</strong></span> <span class='ocrx_word' id='word_1_259' title='bbox 513 2059 658 2106; x_wconf 85' lang='lat' dir='ltr'><strong>Genus,</strong></span> <span class='ocrx_word' id='word_1_260' title='bbox 672 2059 807 2105; x_wconf 82' lang='lat' dir='ltr'><strong>forma,</strong></span> <span class='ocrx_word' id='word_1_261' title='bbox 824 2058 931 2104; x_wconf 84' lang='lat' dir='ltr'><strong>vires,</strong></span> <span class='ocrx_word' id='word_1_262' title='bbox 945 2069 1047 2106; x_wconf 90' lang='lat' dir='ltr'><strong>opes,</strong></span> <span class='ocrx_word' id='word_1_263' title='bbox 1064 2054 1217 2103; x_wconf 87' lang='lat' dir='ltr'><strong>divitiae,</strong></span> 
     </span>
     <span class='ocr_line' id='line_1_38' title="bbox 123 2110 1219 2169; baseline -0.003 -22"><span class='ocrx_word' id='word_1_264' title='bbox 123 2116 328 2169; x_wconf 61' lang='lat' dir='ltr'><strong>caeteraque</strong></span> <span class='ocrx_word' id='word_1_265' title='bbox 346 2124 432 2162; x_wconf 83' lang='lat' dir='ltr'><strong>quae</strong></span> <span class='ocrx_word' id='word_1_266' title='bbox 449 2111 600 2150; x_wconf 89' lang='lat' dir='ltr'><strong>fortuna</strong></span> <span class='ocrx_word' id='word_1_267' title='bbox 617 2111 680 2149; x_wconf 87' lang='lat' dir='ltr'><strong>det</strong></span> <span class='ocrx_word' id='word_1_268' title='bbox 707 2118 772 2149; x_wconf 90' lang='lat' dir='ltr'><strong>aut</strong></span> <span class='ocrx_word' id='word_1_269' title='bbox 797 2110 1022 2148; x_wconf 81' lang='lat' dir='ltr'><strong>extrinsecus</strong></span> <span class='ocrx_word' id='word_1_270' title='bbox 1050 2114 1117 2145; x_wconf 87' lang='lat' dir='ltr'><strong>aut</strong></span> <span class='ocrx_word' id='word_1_271' title='bbox 1139 2120 1219 2145; x_wconf 87' lang='lat' dir='ltr'><strong>cor-</strong></span> 
     </span>
     <span class='ocr_line' id='line_1_39' title="bbox 124 2160 1225 2212; baseline -0.002 -13"><span class='ocrx_word' id='word_1_272' title='bbox 124 2162 220 2211; x_wconf 84' lang='lat' dir='ltr'><strong>pori,</strong></span> <span class='ocrx_word' id='word_1_273' title='bbox 248 2175 322 2201; x_wconf 89' lang='lat' dir='ltr'><strong>non</strong></span> <span class='ocrx_word' id='word_1_274' title='bbox 349 2164 521 2202; x_wconf 88' lang='lat' dir='ltr'><strong>habent</strong></span> <span class='ocrx_word' id='word_1_275' title='bbox 512 2176 551 2202; x_wconf 90' lang='lat' dir='ltr'><strong>m</strong></span> <span class='ocrx_word' id='word_1_276' title='bbox 577 2177 616 2202; x_wconf 90' lang='lat' dir='ltr'><strong>se</strong></span> <span class='ocrx_word' id='word_1_277' title='bbox 642 2177 767 2202; x_wconf 84' lang='lat' dir='ltr'><strong>veram</strong></span> <span class='ocrx_word' id='word_1_278' title='bbox 786 2162 965 2208; x_wconf 77' lang='lat' dir='ltr'><strong>laudem3</strong></span> <span class='ocrx_word' id='word_1_279' title='bbox 996 2174 1081 2212; x_wconf 88' lang='lat' dir='ltr'><strong>quae</strong></span> <span class='ocrx_word' id='word_1_280' title='bbox 1099 2160 1225 2198; x_wconf 89' lang='lat' dir='ltr'><strong>deberi</strong></span> 
     </span>
    </p>

    <p class='ocr_par' dir='ltr' id='par_1_5' title="bbox 782 2217 902 2252">
     <span class='ocr_line' id='line_1_40' title="bbox 782 2217 902 2252; baseline -0.008 0"><span class='ocrx_word' id='word_1_281' title='bbox 782 2217 806 2252; x_wconf 80' lang='lat'><strong>2</strong></span> <span class='ocrx_word' id='word_1_282' title='bbox 829 2217 902 2252; x_wconf 75' lang='lat'><strong>133</strong></span> 
     </span>
    </p>
   </div>
  </div>
 </body>
</html>
