1429 2344
193 91 244 129 64
301 91 377 131 DE
400 92 789 143 INVENTIONE,
820 93 917 131 Lm.
940 92 998 131 11.
1030 92 1133 133 CAP.
1155 94 1193 132 5.

193 200 402 248 vertissent,
430 201 543 240 simul
569 215 726 250 coenare,
753 208 789 240 et
811 201 850 239 in
869 200 1001 239 eodem
1019 201 1101 239 loco
1119 211 1296 239 somnum

191 265 337 303 capere,
382 255 593 294 voluerunt.
651 255 796 293 Coenati
832 254 1104 292 discubuerunt
1139 253 1295 292 ibidem.

193 306 326 357 Caupo
351 315 493 355 autem,
515 312 622 352 (nam
640 309 694 346 ita
711 309 847 347 dicitur
865 316 950 359 post
967 307 1180 355 inventum,
1209 318 1299 344 cum

191 359 232 396 in
251 360 325 398 alio
343 362 527 400 maleficio
546 363 798 413 deprehensus
820 368 930 407 esset)
956 374 1044 399 cum
1069 361 1181 398 illum
1207 360 1300 397 alte-

191 425 293 460 rum,
310 414 481 452 videlicet
495 416 562 466 qui
576 429 754 453 nummos
767 416 934 462 haberet,
951 413 1272 452 animadvertisset
1284 426 1297 457 ;

193 474 321 514 noctu,
348 475 551 519 postquam
576 469 661 507 illos
685 469 837 515 arctius,
861 476 905 506 ut
922 468 980 515 fit,
1008 480 1055 505 ex
1079 466 1300 505 lassitudine

194 519 358 557 dormire
377 522 504 569 sensit,
532 522 696 570 accessit,
725 530 761 560 et
787 522 938 560 alterius
959 533 1104 582 eorum,
1132 520 1199 571 qui
1223 519 1303 558 sine

192 573 362 611 nummis
388 583 480 623 erat,
493 550 696 626 ”gladium,
705 583 857 627 propter
875 574 1106 625 appositum,
1127 587 1147 611 e
1165 572 1304 624 vagina

192 626 340 675 eduxit,
361 635 398 665 et
415 628 526 666 illum
545 631 707 668 alterum
733 628 892 673 occidit3
923 640 1101 665 nummos
1120 625 1301 672 abstulit3

193 680 366 729 gladium
398 689 638 720 cruentatum
669 683 710 720 in
742 682 919 732 vaginam
951 680 1183 718 recondidit·
1172 708 1184 726 ‚
1224 680 1304 730 ipse

195 746 272 771 sese
308 733 349 771 in
380 735 522 773 lectum
554 749 668 774 suum
704 736 853 786 recepit.
911 734 984 772 Ille
1015 741 1158 781 autem,
1196 734 1305 782 cujus

195 786 322 836 gladio
341 788 472 827 occisio
492 797 571 827 erat
589 790 701 837 facta,
727 789 850 827 multo
868 796 955 826 ante
972 789 1099 825 lucem
1117 786 1278 824 surrexit
1291 801 1303 824 ι

194 840 372 879 comitem
400 855 514 880 suum
541 843 761 881 inclamavit
789 842 908 880 semel
935 848 972 879 et
1001 840 1163 891 saepius:
1192 840 1304 877 iflum

195 906 328 932 somno
353 894 581 946 impeditum
599 909 676 934 non
694 895 918 947 respondere
943 893 1196 939 existimavit;
1225 893 1306 944 ipse

195 947 381 997 gladium,
411 956 448 987 et
474 957 620 997 caetera,
650 963 736 1000 quae
762 961 888 987 secum
912 948 1103 995 attulerat,
1124 947 1302 985 sustulit:

195 1001 297 1039 solus
322 1002 510 1052 profectus
537 1011 603 1041 est.
645 1003 779 1054 Caupo
805 1014 881 1040 non
907 1002 1030 1039 multo
1055 1008 1141 1052 post
1159 1001 1304 1038 concla-

196 1054 328 1102 mavit,
357 1056 552 1094 hominem
581 1070 659 1095 esse
684 1057 874 1100 occisum3
905 1063 942 1093 et
968 1067 1055 1093 cum
1075 1054 1304 1105 quibusdam

195 1107 447 1147 diversoribus
466 1110 592 1158 illum,
613 1110 680 1161 qui
699 1118 785 1148 ante
804 1109 958 1155 exierat,
978 1107 1242 1159 consequitur:
1264 1107 1304 1144 in

197 1161 330 1200 itinere
354 1162 549 1201 hominem
576 1163 882 1214 comprehendit:
912 1161 1083 1212 gladium
1103 1162 1183 1210 ejus
1202 1174 1222 1199 e
1241 1173 1305 1198 va-

197 1214 289 1264 gina
314 1215 465 1261 educit;
495 1218 632 1268 reperit
657 1225 881 1255 cruentum:
912 1216 1027 1253 homo
1044 1215 1085 1252 in
1104 1216 1238 1252 urbem
1257 1215 1305 1252 ab

197 1268 273 1305 inis
300 1269 512 1317 deducitur,
541 1284 584 1309 ac
610 1284 695 1308 reus
720 1271 776 1308 fit.
818 1270 866 1307 In
891 1270 962 1307 hac
986 1268 1145 1306 intentio
1163 1275 1218 1306 est
1237 1268 1307 1306 cri-

195 1321 324 1369 minis,
345 1322 539 1361 Occidisti.
580 1324 780 1375 Depulsio,
801 1324 892 1360 Non
912 1322 1039 1361 occidi.
1083 1322 1147 1359 Ex
1166 1322 1306 1372 quibus

195 1376 412 1414 constitutio
431 1384 496 1415 est.
544 1377 714 1425 Quaestio
734 1377 865 1416 eadem
883 1377 923 1414 in
943 1375 1198 1425 conjecturali,
1219 1388 1305 1426 quae

194 1429 391 1478 judicatio,
413 1431 666 1469 Occideritne.

252 1483 303 1520 V.
334 1484 451 1522 Nunc
478 1498 711 1536 exponemus
736 1486 850 1532 locos,
878 1496 1042 1535 quorum
1066 1496 1152 1534 pars
1178 1482 1308 1533 aliqua

197 1536 237 1572 in
257 1549 410 1575 onmem
430 1539 721 1587 conjecturalem
739 1538 871 1577 incidit
889 1537 1189 1575 controversiam.
1219 1535 1308 1574 Hoc

197 1596 327 1627 autem
354 1599 390 1628 et
415 1591 455 1629 in
474 1593 613 1630 horum
631 1593 801 1630 locorum
821 1591 1066 1642 expositione,
1087 1597 1124 1628 et
1141 1590 1181 1627 in
1200 1597 1308 1627 caete-

198 1655 342 1691 rorum,
374 1646 561 1695 oportebit
587 1646 791 1693 attendere,
823 1657 900 1682 non
929 1657 1059 1682 omnes
1084 1643 1124 1681 in
1153 1655 1307 1681 omnem

197 1709 350 1734 causam
370 1699 577 1737 convenire.
618 1700 675 1737 Ut
694 1699 795 1737 enirn
814 1710 927 1736 omne
945 1709 1084 1735 nomen
1104 1709 1150 1734 ex
1170 1696 1307 1747 aliqui-

197 1751 284 1797 bus,
311 1762 387 1788 non
417 1765 464 1789 ex
491 1753 681 1800 omnibus,
709 1752 825 1790 literis
851 1751 1049 1796 scribitur;
1079 1749 1131 1788 sic
1154 1762 1308 1787 omnem

197 1803 239 1840 in
275 1816 428 1842 causam
465 1818 541 1844 non
577 1807 701 1844 omnis
737 1812 1048 1856 argumentorum
1084 1803 1205 1854 copia,
1243 1802 1308 1840 sed

199 1869 330 1894 eorum
350 1860 556 1897 necessaria
573 1873 660 1910 pars
678 1860 820 1910 aliqua,
841 1857 1047 1897 conveniet.
1077 1856 1246 1895 Omnis
1235 1856 1307 1906 1gi-

198 1917 276 1958 tur,
304 1924 350 1949 ex
377 1914 504 1961 causa,
533 1926 579 1951 ex
598 1926 772 1965 pei-sona,
794 1926 840 1951 ex
859 1911 986 1950 facto
977 1923 1073 1962 ipso,
1094 1911 1309 1959 conjectura

197 1964 384 2014 capienda
402 1973 468 2003 est.

254 2017 379 2056 Causa
404 2019 676 2057 distribuitur
666 2033 705 2057 m
732 2020 1014 2070 impulsionem,
1043 2024 1080 2054 et
1098 2017 1139 2054 in
1158 2015 1306 2054 ratioci-

200 2071 403 2109 nationem.
447 2072 635 2123 Impulsio
664 2081 732 2119 est,
764 2087 850 2123 quae
878 2072 958 2110 sine
987 2070 1212 2120 cogitatione
1240 2082 1308 2120 per

196 2125 403 2173 quamdam
423 2126 657 2164 affectionem
677 2126 795 2164 animi
814 2126 933 2163 facere
951 2123 1099 2175 aliquid
1116 2123 1302 2169 hortatur,

200 2184 243 2214 ut
262 2190 380 2226 amor,
401 2179 607 2227 iracundia,
629 2179 825 2230 aegritudo,
847 2178 1064 2226 vinolentia,
1090 2184 1126 2215 et
1151 2175 1305 2214 omnino
