1429 2344
142 109 198 147 00
253 107 330 146 DE
353 104 644 146 INVENTIO
655 105 751 156 NE,
771 106 875 145 Lm.
895 105 953 145 ΙΙ.
975 105 1079 145 CAP.
1097 106 1160 146 29.

145 227 251 263 eum,
272 215 340 266 qui
358 227 447 253 cum
466 214 521 262 id,
541 213 646 265 quod
664 213 851 264 arguitur,
877 225 1015 263 negare
1033 224 1110 250 non
1129 214 1259 264 possit,

143 274 272 305 tamen
291 268 437 319 aliquid
457 268 528 305 sibi
547 267 626 317 spei
648 273 843 317 comparet
861 279 908 304 ex
926 266 1158 315 judiciorum
1177 280 1263 318 per-

144 321 369 360 turbatione.
399 322 532 372 Atque
557 321 622 358 hic
643 319 822 358 utilitatis
844 319 1077 369 judiciorum
1103 319 1262 359 demon-

144 375 288 421 stratio,
317 382 354 412 et
378 375 425 412 de
452 387 495 412 eo
521 374 739 424 conquestio
766 372 833 424 qui
859 373 1091 424 supplicium
1117 373 1262 412 dederit

144 428 410 473 indemnatu33
440 428 481 465 in
500 429 581 477 ejus
596 435 742 475 autem,
764 426 832 477 qui
851 426 1041 473 sumserit,
1062 426 1261 465 audaciam

145 489 183 519 et
209 481 482 528 crudelitatem,
510 480 731 530 indignatio.
773 480 840 517 Ab
860 479 1068 527 defensore,
1096 480 1137 517 in
1163 481 1258 529 ejus,

146 548 262 585 quem
294 536 398 572 ultus
431 534 491 582 sit,
523 534 721 572 audaciam
761 531 839 580 [sui
873 533 1090 584 conquestio
1107 535 1140 584 z]
1179 547 1260 572 rem

145 600 222 625 non
251 601 298 625 ex
327 588 481 626 nomine
507 587 628 639 ipsius
652 586 808 636 negotii,
837 586 903 623 sed
928 599 975 624 ex
1001 581 1154 624 consilio
1180 588 1262 636 ejus

143 642 215 691 qui
240 641 382 689 fecerit,
411 648 447 679 et
473 641 598 689 causa,
627 648 664 678 et
690 647 873 690 tempore,
903 639 1127 677 considerari
1151 653 1260 691 opor-

144 701 249 732 tere:
281 695 375 746 quid
400 695 495 732 mali
518 694 694 732 futurum
722 693 783 741 sit,
811 700 878 730 aut
903 705 949 730 ex
968 693 1109 741 injuria
1127 701 1194 731 aut
1212 707 1259 733 ex

145 748 283 786 scelere
308 748 484 797 alicujus,
504 748 576 785 nisi
595 754 700 785 tanta
725 753 760 784 et
782 754 863 783 tam
888 746 1086 797 perspicua
1103 747 1260 786 audacia

149 803 198 839 ab
217 814 274 849 eo,
303 802 351 839 ad
370 803 479 850 eujus
497 801 656 847 famam,
677 808 744 838 aut
762 800 810 837 ad
834 807 1021 850 parentes,
1047 807 1114 837 aut
1138 800 1187 838 ad
1212 801 1259 838 li-

145 856 256 893 beros
274 855 512 905 pertinuerit,
533 861 599 892 aut
618 854 667 892 ad
686 853 855 903 aliquam
879 866 975 901 rem,
996 866 1113 904 quam
1132 866 1257 893 caram

149 921 227 946 esse
246 909 437 958 omnibus,
454 915 520 946 aut
537 920 684 946 necesse
704 914 771 954 est,
788 913 854 944 aut
868 914 1014 957 oportet
1032 920 1123 956 esse,
1143 906 1258 946 fuerit

149 962 350 1000 vindicata.

200 1015 363 1053 XXIX.
394 1014 572 1053 Remotio
597 1012 764 1053 criminis
783 1020 851 1061 est,
878 1026 967 1051 cum
993 1014 1074 1063 ejus
1097 1014 1258 1054 intentio

146 1068 253 1117 facti,
280 1068 383 1120 quod
409 1071 457 1107 ab
483 1068 692 1106 adversario
717 1066 892 1115 infertur,
919 1067 960 1104 in
987 1067 1106 1105 alium
1132 1076 1199 1107 aut
1215 1070 1256 1107 in

145 1122 252 1160 aliud
273 1123 504 1160 demovetur.
551 1122 601 1159 Id
619 1122 663 1160 fit
680 1120 882 1170 bipertito:
913 1133 1004 1158 nam
1023 1127 1107 1159 tum
1127 1135 1253 1171 causa,

147 1183 232 1213 tum
251 1189 308 1214 res
327 1176 408 1227 ipsa
426 1182 651 1213 removetur.
699 1174 834 1212 Causae
859 1175 1076 1212 remotionis
1098 1175 1169 1213 hoc
1187 1188 1256 1215 no-

142 1229 205 1268 -bis
225 1230 399 1281 exemplo
418 1229 488 1267 sit:
511 1228 655 1266 Rhodii
673 1227 860 1279 quosdam
878 1227 1054 1278 legarunt
1067 1229 1255 1268 Athenas.

150 1283 305 1333 Legatis
338 1290 539 1334 quaestores
571 1288 757 1329 sumtum,
792 1293 907 1331 quem
937 1283 1133 1332 oportebat
1159 1282 1254 1333 dari,

149 1348 227 1374 non
247 1336 443 1374 dederunt.
491 1336 628 1386 Legati
645 1334 803 1385 profecti
821 1347 897 1372 non
916 1342 1017 1373 sunt.
1059 1335 1258 1374 Accusam

150 1396 223 1428 tur.
268 1390 435 1428 Intentio
454 1396 522 1436 est,
547 1388 739 1426 Proficisci
756 1387 933 1438 oportuit.
981 1388 1167 1439 Depulsio
1186 1398 1255 1440 est,

147 1443 241 1481 Non
260 1443 438 1494 oportuit.
468 1442 640 1490 Quaestio
655 1449 723 1489 est,
745 1441 1027 1492 Oportueritne.
1057 1442 1174 1481 Ratio
1187 1452 1257 1493 est,

148 1497 307 1535 Sumtus
337 1497 453 1544 enim,
474 1496 542 1547 qui
560 1496 606 1534 de
624 1495 778 1546 publico
796 1495 879 1532 dari
909 1495 1016 1544 solet,
1035 1495 1067 1533 is
1085 1497 1134 1534 ab
1153 1510 1260 1549 quae-

148 1557 245 1588 store
270 1563 347 1588 non
374 1558 429 1588 est
453 1550 574 1588 datus.
618 1548 832 1586 Infirmatio
857 1555 926 1597 est,
947 1549 1028 1587 Vos
1046 1556 1174 1588 tamen
1201 1550 1256 1600 id,

149 1603 253 1654 quod
284 1604 435 1654 publice
467 1604 572 1641 vobis
604 1603 738 1640 datum
776 1609 855 1640 erat
889 1603 1044 1653 negotii,
1077 1604 1258 1643 conficere

146 1659 352 1708 oportebat.
400 1656 594 1695 Judicatio
614 1663 682 1705 est,
703 1655 805 1694 Cum
823 1655 883 1703 iis,
911 1655 979 1707 qui
1002 1657 1116 1707 legati
1135 1665 1257 1707 erant,

148 1717 311 1758 sumtus,
352 1711 419 1761 qui
450 1710 497 1747 de
529 1709 683 1760 publico
716 1709 936 1758 debebatur,
974 1721 1051 1747 non
1087 1710 1254 1759 daretur,

147 1763 402 1814 oportueritne
435 1776 496 1801 eos
527 1763 707 1801 conficere
738 1762 986 1800 nihilominus
1013 1763 1254 1813 legationem.

147 1816 235 1855 Hoc
251 1818 292 1854 in
311 1830 446 1868 genere
471 1817 655 1867 primum,
677 1815 789 1859 (sicut
807 1815 848 1852 in
866 1815 1022 1863 caeteris)
1037 1816 1068 1854 si
1082 1816 1176 1867 quid
1189 1825 1257 1855 aut

147 1883 195 1908 ex
220 1869 462 1919 conjecturali
481 1878 546 1907 aut
566 1883 612 1907 ex
631 1869 707 1907 alia
725 1868 988 1906 constitutione
1006 1870 1106 1907 sumi
1123 1871 1256 1921 possit,

147 1923 266 1962 videri
295 1923 490 1975 oportebit.
538 1923 688 1961 Deinde
717 1923 898 1973 pleraque
922 1928 959 1960 et
987 1936 1035 1960 ex
1060 1935 1255 1975 compara-

147 1977 262 2026 tione,
293 1985 330 2015 et
355 1991 403 2015 ex
421 1977 600 2014 relatione
619 1975 799 2024 criminis,
819 1975 860 2013 in
878 1975 976 2013 hanc
995 1989 1148 2028 quoque
1166 1991 1256 2016 cau-

146 2043 228 2068 sam
260 2031 457 2069 convenire
489 2037 677 2080 poterunt.
724 2029 936 2067 Accusator
966 2037 1095 2067 autem
1127 2031 1254 2081 illum,

147 2085 256 2132 cujus
275 2084 388 2135 culpa
415 2084 453 2122 id
478 2083 623 2121 factum
642 2096 727 2122 reus
746 2083 856 2130 dicet,
876 2082 1046 2133 primum
1065 2083 1254 2134 defendet,

147 2137 177 2174 si
196 2138 355 2188 poterit:
386 2138 443 2176 sin
469 2138 596 2175 minus
622 2137 771 2188 poterit,
799 2136 965 2187 negabit,
992 2136 1040 2174 ad
1066 2137 1137 2176 hoc
1151 2139 1256 2187 judi-

145 2191 260 2239 cium,
290 2192 405 2240 illius,
434 2192 499 2229 sed
526 2192 641 2240 hujus
666 2203 783 2242 quem
810 2190 889 2241 ipse
916 2197 1076 2239 accuset,
1103 2192 1254 2244 culpam
