1407 2324
192 78 270 119 DE
288 76 500 120 CLARIS
518 76 905 128 ORATORIBUS,
927 79 1030 118 CAP.
1053 79 1116 118 45.
1146 78 1225 123 397

122 187 278 247 juncta,
289 199 366 225 non
385 186 520 233 brevis,
541 194 584 224 ut
602 187 784 233 laudatio,
801 194 844 224 ut
859 187 977 225 oratio
991 194 1133 233 autem,
1146 188 1229 224 bre-

124 239 193 286 ν13,
222 249 411 291 postrema
440 241 600 278 censoris
625 241 756 286 oratio,
777 253 855 290 qua
873 252 972 277 anno
996 239 1230 290 duodequin-

123 294 343 343 quagesimo
361 307 451 331 usus
479 301 545 331 est.
591 293 640 331 In
666 293 725 331 his
750 294 927 331 omnibus
952 293 1049 331 inest
1073 293 1230 344 quidam

123 346 203 383 sine
222 347 300 384 ullo
318 346 405 384 fuco
424 347 589 384 veritatis
608 347 719 384 color.
749 346 970 406 Quinetiam
985 346 1230 397 comprehen-

124 399 193 444 sio,
214 407 251 437 et
268 399 433 437 ambitus
451 399 516 436 ille
535 401 734 437 verborum
754 400 802 441 (si
821 399 872 436 sic
890 399 1087 449 periodum
1101 399 1230 449 appel-

123 451 196 489 lari
209 452 347 502 placet)
363 460 442 490 erat
455 453 557 503 apud
572 453 684 490 illum
701 460 908 491 contractus
924 460 959 490 et
971 452 1114 494 brevis;
1136 460 1173 489 et
1190 453 1229 489 in

125 507 298 543 membra
316 505 505 556 quaedam,
526 519 612 556 quae
633 511 743 542 Κωλα
764 505 888 543 Graeci
914 513 1061 552 vocant,
1088 505 1230 556 disper-

125 558 242 596 tiebat
260 558 467 596 orationem
485 559 689 596 lubentius.

179 611 265 649 Hoc
282 612 364 650 loco
375 612 534 658 Brutus,
550 611 871 663 Quandoquidem
891 619 933 649 tu
952 612 1040 650 istos
1052 619 1229 660 oratores,

123 664 263 716 inquit,
291 671 485 715 tantopere
510 664 668 710 laudas3
698 665 834 703 vellem
864 665 1009 716 aliquid
1040 666 1227 713 Antonio,

126 725 262 768 praeter
297 718 408 755 illum
434 718 480 756 de
505 718 647 755 ratione
673 718 821 756 dicendi
845 730 933 756 sane
959 718 1095 756 exilem
1123 718 1231 756 libel-

126 771 224 817 lum,
243 771 355 822 plura
373 770 522 819 Crasso,
541 771 711 809 libuisset
729 772 907 809 scribere:
930 784 1016 809 cum
1031 772 1132 809 enim
1147 785 1231 809 om-

126 824 240 862 nibus
257 824 480 861 memoriam
499 824 570 869 sui,
591 831 675 861 tum
695 825 808 862 etiarn
823 824 1059 875 disciplinam
1082 825 1230 862 dicendi

126 878 234 915 nobis
248 877 495 937 reliquissent.
526 877 631 914 Nam
647 878 821 915 Scaevolae
839 877 987 915 dicendi
1005 878 1230 928 elegantiam

125 930 213 968 satis
231 943 278 968 ex
293 930 338 967 iis
351 930 595 976 orationibus,
616 943 710 980 quas
723 930 888 981 reliquit,
903 931 1088 968 habemus
1102 931 1231 981 cogni-

123 991 215 1020 tam.
244 983 299 1021 Et
317 994 399 1033 ego,
420 983 525 1020 Mihi
543 982 697 1034 quidem
716 997 740 1020 a
752 983 914 1034 pueritia
928 984 1035 1035 (111331
1048 984 1230 1049 magistra

126 1036 244 1083 fuit,
233 1048 406 1087 mquam,
426 1036 521 1073 illa·
510 1049 551 1073 111
568 1036 692 1086 1888111
712 1036 900 1087 Caepionis
918 1037 1131 1082 013110;111
1150 1050 1229 1088 qua

125 1097 164 1127 et
181 1089 379 1127 auctoritas
403 1096 557 1127 ornatur
575 1093 737 1136 senatus,
758 1102 834 1140 (1110
852 1103 921 1140 pro
939 1090 1070 1128 ordine
1087 1090 1154 1127 1Π3
1172 1090 1230 1127 (11-

125 1149 277 1189 cuntur,
297 1150 334 1180 et
351 1142 494 1180 invidia
518 1142 724 1180 concitatur
747 1142 787 1180 in
810 1142 984 1191 judicum
1007 1151 1044 1181 et
1061 1144 1101 1180 in
1120 1156 1231 1181 accu-

125 1203 294 1233 satorum
311 1195 527 1240 factionem,
553 1203 683 1234 contra
700 1208 863 1246 quorum
882 1197 1090 1246 potentiam
1109 1209 1231 1247 popu-

127 1250 254 1286 lariter
279 1256 363 1286 tum
391 1248 594 1286 dicendum
624 1248 708 1286 fuit.
750 1249 882 1286 Multa
906 1249 946 1286 in
970 1250 1039 1287 illa
1063 1250 1231 1287 oratione

127 1302 304 1352 graviter,
331 1301 456 1339 multa
472 1301 619 1348 leniter,
647 1302 770 1339 multa
788 1315 930 1352 aspere,
955 1303 1079 1340 multa
1097 1302 1229 1348 facete,

125 1355 227 1393 dicta
253 1362 366 1399 sunt3
395 1355 508 1404 plura
533 1355 647 1392 ctiam
672 1354 785 1400 dicta,
812 1367 929 1405 quam
955 1356 1105 1405 scripta,
1126 1355 1230 1406 quod

128 1421 176 1446 ex
195 1407 424 1459 quibusdam
441 1407 626 1458 capitibus
645 1407 835 1457 expositis,
856 1420 924 1445 nec
943 1409 1211 1458 explicatis,in

128 1461 249 1511 telligi
262 1467 396 1512 potest.
426 1460 516 1510 Ipsa
529 1460 596 1498 ina
609 1461 774 1498 censoria
787 1468 914 1498 contra
929 1461 999 1498 Cn.
1014 1461 1233 1500 Ι)011111111111

128 1515 312 1564 collegam
336 1526 413 1551 non
439 1520 494 1551 est
518 1513 650 1560 oratio,
678 1513 742 1550 sed
767 1513 875 1563 quasi
893 1514 1016 1564 capita
1032 1527 1174 1564 rerum,
1195 1523 1233 1553 et

129 1567 308 1605 orationis
336 1566 650 1605 commentarium
678 1567 793 1616 paulo
822 1567 982 1617 plenius.
1030 1568 1154 1606 Nulla
1177 1577 1233 1606 est

130 1620 234 1658 enim
258 1619 448 1658 altercatio
472 1619 700 1657 clamoribus
727 1631 898 1670 unquam
927 1620 1058 1658 habita
1078 1622 1233 1670 majori-

130 1675 214 1711 bus.
243 1673 298 1711 Et
309 1686 396 1711 vero
409 1672 484 1710 fuit
497 1672 536 1709 in
550 1672 622 1710 hoc
636 1680 672 1709 et
686 1673 877 1723 popularis
891 1672 1004 1711 dictio
1019 1675 1204 1713 excellens
1218 1689 1230 1712 z

132 1727 294 1764 Antonii
320 1738 440 1776 genus
464 1725 613 1763 dicendi
637 1726 762 1764 multo
786 1726 910 1777 aptius
930 1726 1096 1775 judiciis,
1116 1740 1234 1778 quam

133 1779 387 1818 concionibus.

186 1832 319 1871 XLV.
347 1833 434 1871 Hoc
451 1833 533 1870 1000
550 1832 677 1883 ipsum
696 1831 914 1870 Domitium
936 1845 1012 1871 non
1037 1834 1235 1885 relinquo.
1223 1849 1234 1858 ·

134 1898 226 1923 nam
243 1886 313 1924 etsi
330 1898 407 1923 non
424 1885 525 1923 fuit
515 1898 555 1922 111
574 1892 765 1923 oratorum
784 1898 963 1946 numero,
977 1894 1103 1924 tamen
1122 1900 1237 1937 pono,

136 1939 226 1977 satis
243 1939 284 1976 in
303 1951 346 1976 eo
363 1938 478 1976 fuisse
496 1938 674 1976 orationis
692 1945 806 1993 atque
824 1939 980 1988 ingenii,
1007 1951 1083 1989 quo
1103 1948 1139 1978 et
1157 1952 1239 1978 ma-

137 1992 314 2042 8131131113
327 2004 541 2042 personam,
557 1998 594 2029 et
608 1992 842 2029 consularem
861 1992 1099 2041 dignitatem,
1120 2000 1242 2031 tuere-

138 2053 227 2083 tur:
257 2044 360 2096 quod
378 2044 481 2083 idem
499 2045 546 2082 de
565 2044 610 2082 C.
627 2044 745 2082 Coeho
763 2045 939 2091 dixerim,
959 2044 1212 2082 industriam
1201 2059 1243 2084 m

139 2109 186 2135 eo
211 2110 403 2135 summam
421 2097 549 2144 fuisse,
570 2110 813 2158 summasque
833 2097 1001 2145 virtutes,
1014 2098 1246 2160 eloquentiae

142 2156 308 2198 tantum,
324 2150 426 2201 quod
441 2158 549 2198 esset,
568 2150 609 2189 in
628 2152 739 2189 rebus
757 2149 927 2202 privatis,
947 2150 1077 2190 amicis
1091 2152 1186 2200 ejus,
1206 2153 1247 2194 in

201 2205 397 2252 (Rhetor.)
417 2214 520 2243 VOL.
543 2214 572 2241 1.
847 2204 872 2239 2
895 2214 929 2241 M
