1429 2344
123 71 175 107 50
231 68 308 107 DE
338 67 728 117 INVENTIONE‚
759 66 857 106 LIB.
877 67 911 106 Ι.
941 66 1126 107 (312249.

179 178 207 198 “
224 177 326 215 Cum
345 184 382 215 te
400 178 627 228 expetebant
645 189 789 223 omncs,
810 175 1071 213 florentissimo

180 230 316 282 Regno
334 231 494 282 reliqui:
525 243 627 268 nunc
645 231 835 268 desertum
855 231 902 267 ab
921 228 1114 274 omnibus,

178 286 340 323 Summo
358 285 511 336 periclo,
532 285 610 322 sola
629 291 673 321 ut
690 283 900 331 restituam,
919 282 1053 334 paro.”

179 372 337 410 XLIX.
366 372 576 410 Remotum
596 378 664 420 est,
681 371 784 423 quod
801 372 916 419 ultra,
932 382 1050 421 quam
1065 369 1152 408 satis
1167 374 1235 415 est,

125 427 280 477 petitur,
308 426 380 464 hoc
402 425 540 463 modo:
577 425 694 472 Quod
717 425 748 463 si
773 437 850 462 non
877 425 923 462 P.
945 424 1069 474 Scipio
1095 423 1238 461 Corne-

126 480 219 517 liam
239 480 357 517 filiam
377 479 440 517 Ti.
459 479 631 516 Graccho
650 478 878 526 collocasset,
894 485 1008 528 atque
1023 490 1069 515 ex
1084 476 1129 514 ea
1143 475 1238 512 duos

129 533 318 571 Gracchos
337 532 578 583 procreasset,
599 538 714 569 tantae
732 531 930 570 seditiones
956 538 1055 569 natae
1080 541 1156 567 non
1182 541 1239 566 es-

129 593 238 624 sent:
278 599 395 637 quare
421 586 493 623 hoc
520 585 806 623 incommodum
835 584 1001 635 Scipioni
1028 583 1242 621 adscriben-

130 640 224 677 dum
244 640 403 677 videtur.
434 639 671 689 Hujusmodi
686 646 740 676 est
754 639 821 676 illa
835 651 988 689 quoque
1002 635 1239 688 conquestio:

186 729 214 750 ‘⁶
235 728 396 766 Utinam
415 740 462 765 ne
481 728 521 765 in
541 740 693 765 nemore
713 726 820 764 Pelio
839 725 1031 764 securibus

187 782 295 820 Caesa
314 781 502 820 cecidisset
521 782 681 832 abiegna
699 781 747 818 ad
766 787 905 818 terram
923 780 1045 817 trabes
1061 777 1101 815 !''

136 869 307 920 Longius
345 869 446 906 enim
483 867 641 918 repetita
677 874 745 914 est,
779 879 895 917 quam
928 879 986 903 res
1017 865 1244 916 postulabat.

134 923 245 960 Mala
263 922 431 960 definitio
451 929 518 968 est,
540 934 628 958 cum
648 928 714 958 aut
733 919 952 958 communia
970 918 1158 965 describit,
1175 917 1247 954 hoc

134 976 277 1014 modo:
319 975 524 1013 Seditiosus
557 982 611 1012 est
641 974 685 1021 is,
717 974 783 1024 qui
810 974 934 1010 malus
961 980 1076 1023 atque
1101 971 1248 1008 inutilis

134 1040 190 1068 est
208 1030 320 1068 civis:
352 1042 441 1066 nam
460 1029 532 1066 hoc
550 1041 626 1065 non
649 1028 770 1078 magis
790 1026 966 1072 seditiosi,
989 1038 1106 1076 quam
1125 1024 1248 1062 ambi-

135 1084 234 1130 tiosi,
269 1095 385 1134 quam
414 1081 708 1129 calumniatoris,
743 1094 860 1132 quam
892 1080 1052 1128 alicujus
1083 1078 1249 1129 improbi

135 1137 314 1184 hominis,
336 1136 414 1174 vim
434 1136 619 1174 describit.
659 1135 745 1172 Aut
770 1135 911 1171 falsum
936 1133 1119 1184 quiddam
1143 1131 1248 1179 dicit,

135 1191 207 1229 hoc
225 1198 358 1242 pacto:
391 1189 582 1240 Sapientia
608 1196 663 1226 est
687 1188 856 1239 pecuniae
880 1186 1092 1238 quaerendae
1111 1184 1251 1222 intelli-

135 1245 275 1295 gentia.
315 1244 401 1281 Aut
420 1243 565 1294 aliquid
583 1255 659 1280 non
678 1255 804 1292 grave,
828 1254 898 1279 nec
922 1253 1109 1290 magnum
1131 1238 1251 1276 conti-

138 1311 245 1345 nens,
276 1298 353 1335 sic:
395 1296 565 1335 Stultitia
592 1304 646 1333 est
674 1296 869 1332 immensae
896 1294 1024 1345 gloriae
1053 1292 1250 1344 cupiditas.

140 1352 212 1390 Est
229 1352 310 1389 haec
329 1351 484 1402 quidem
504 1350 675 1397 stultitia,
697 1349 762 1386 sed
781 1362 826 1386 ex
845 1356 953 1399 parte
971 1347 1153 1399 quadam,
1174 1357 1251 1383 non

141 1418 189 1443 ex
208 1405 313 1443 omni
332 1417 479 1455 genere,
501 1403 666 1445 definita.
698 1403 991 1440 Controversum
1011 1407 1078 1448 est,
1098 1400 1139 1437 in
1159 1412 1251 1450 quo,

141 1459 190 1496 ad
223 1458 385 1496 dubium
413 1456 764 1504 demonstrandum,
799 1455 916 1493 dubia
945 1468 1057 1493 causa
1083 1453 1253 1501 affertur,

143 1513 214 1550 hoc
232 1512 346 1549 modo
361 1526 371 1549 ε

199 1594 227 1614 “
240 1592 329 1631 Eho
343 1591 408 1629 tu!
435 1591 517 1638 Dii,
534 1591 674 1642 quibus
693 1598 748 1629 est
761 1596 924 1642 potestas
938 1591 1063 1628 motus
1078 1589 1256 1640 superum

359 1652 473 1695 atque
491 1645 670 1692 inferum,

200 1699 341 1737 Pacem
360 1698 590 1789 diinter„sese
622 1698 835 1746 conciliant,
873 1696 1071 1736 conferunt
1107 1707 1259 1733 concor-

402 1764 475 1789 am.

147 1840 399 1891 Perspicuum
418 1847 486 1887 est,
506 1839 554 1877 de
575 1852 652 1890 quo
675 1852 751 1877 non
775 1845 829 1877 est
847 1837 1120 1882 controversia;
1151 1844 1208 1883 ut,
1229 1836 1259 1874 si

147 1894 247 1946 quis,
268 1906 357 1931 cum
375 1892 537 1931 Oresten
552 1900 712 1940 accuset,
733 1894 893 1944 planum
911 1892 1037 1939 faciat,
1058 1892 1106 1928 ab
1122 1903 1164 1928 eo
1177 1903 1264 1927 ma-

148 1956 247 1986 trem
266 1960 344 1985 esse
361 1947 533 1984 occisam.
563 1947 656 1984 Non
671 1959 887 1984 concessum
902 1953 970 1994 est,
986 1957 1075 1982 cum
1089 1943 1142 1991 id,
1159 1942 1262 1994 quod

148 2008 324 2052 augetur,
339 2000 380 2038 in
394 2000 644 2038 controversia
659 2007 727 2047 est,
744 2007 800 2047 ut,
818 2000 848 2037 si
863 2000 961 2050 quis,
977 2011 1066 2036 cum
1083 1998 1261 2048 Ulyssem

150 2061 312 2101 accuset,
349 2054 390 2091 in
421 2053 493 2092 hoc
522 2054 692 2091 maxime
728 2060 1006 2091 commoretur:
1050 2050 1263 2101 Indignum

152 2121 245 2157 esse,
283 2109 332 2145 ab
368 2107 524 2144 homine
558 2106 801 2157 ignavissimo
838 2106 962 2144 virum
999 2103 1262 2149 fortissimum,

153 2162 330 2211 Ajacem,
351 2168 537 2200 necatum.
579 2160 712 2211 Turpe
739 2167 806 2207 est‚
832 2160 937 2212 quod.
960 2166 1026 2198 aut
1051 2170 1094 2197 eo
1118 2157 1200 2196 loco
1225 2156 1265 2193 in
