1407 2308
202 85 279 124 DE
299 85 683 139 INVENTIONE,
704 85 801 125 Lm.
818 86 875 125 ΙΙ.
896 85 998 124 CAP.
1018 85 1079 131 17.
1134 86 1185 131 77

84 195 230 231 bunum
261 192 380 243 plebis
407 192 454 231 de
481 193 622 243 templo
649 192 848 231 deduxisti.
891 192 1075 243 Depulsio
1107 200 1175 241 est,

81 246 172 283 Non
187 245 310 283 minui
327 247 572 294 majestatem.
608 244 778 292 Quaestio
796 253 864 293 est,
884 245 1175 294 Majestatemne

77 299 267 336 minuerit.
299 299 424 346 Ratio,
446 299 495 336 In
513 299 635 336 filium
654 299 755 336 enim
773 312 889 349 quam
907 299 1092 336 habebam
1105 311 1173 349 po-

77 359 263 397 testatem,
277 351 322 389 εδ,
333 364 422 389 usus
436 364 532 389 sum.
563 352 734 390 Rationis
748 352 971 397 infirmati03
985 352 1042 389 At
1055 352 1171 400 enim,

79 404 146 454 qui
165 404 285 454 patria
304 412 496 455 potestate,
517 404 587 443 hoc
611 412 678 452 est,
698 405 844 456 privata
864 404 1085 456 [quadann]
1108 405 1173 442 tri-

80 457 270 495 buniciam
299 456 574 508 [potestatem],
601 458 671 496 hoc
696 466 763 507 est,
787 458 918 508 populi
936 464 1170 508 potestatem,

79 510 259 557 infirmat,
274 510 414 548 minuit
432 511 463 548 is
481 512 726 559 majestatem.
764 511 957 549 Judicatio
983 518 1060 548 est:
1091 511 1172 547 Mi-

78 570 218 601 nuatne
236 563 267 600 is
284 565 531 612 majestatem,
552 565 618 615 qui
636 565 675 601 in
695 564 932 601 tribuniciam
951 570 1170 614 potestatem

78 616 200 665 patria
218 623 396 666 potestate
411 623 548 655 utatur.
585 617 652 654 Ad
669 617 766 655 hanc
774 617 1046 665 judicationem
1059 630 1172 667 argu-

76 669 322 707 mentationes
340 682 469 707 omnes
487 670 609 708 afferri
627 670 822 720 oportebit.

127 722 202 770 Ac,
231 734 278 760 ne
296 723 380 773 quis
399 723 493 760 forte
518 723 728 783 arbitretur,
755 735 822 760 nos
847 735 922 760 non
947 722 1167 772 intelligere,

75 775 189 812 aliam
216 789 366 826 quoque
389 775 549 813 incidere
575 776 876 814 constitutionem
901 776 940 813 in
966 776 1063 813 hanc
1082 789 1170 814 cau-

74 841 180 873 sam,
211 841 294 865 eam
326 841 392 866 nos
423 836 568 878 partem
599 830 717 867 solam
749 829 947 876 sumimus,
982 829 1021 866 in
1053 842 1170 879 quam

75 888 259 931 praecepta
285 882 392 919 nobis
421 881 544 919 danda
572 889 670 919 sunt.
710 881 902 920 Omnibus
927 888 1055 919 autem
1084 894 1171 932 par-

74 934 174 972 tibus
198 934 268 972 hoc
293 934 332 971 in
356 934 454 972 libro
480 935 685 985 explicatis,
706 935 843 986 quivis,
863 935 967 972 omni
985 934 1024 971 in
1043 934 1170 983 causa,

74 987 106 1024 si
131 987 328 1037 diligenter
351 987 529 1034 attendet,
555 1000 684 1025 omnes
710 988 850 1026 videbit
875 987 1168 1035 constitutiones,

75 1048 112 1077 et
130 1053 259 1078 earum
276 1048 412 1090 parteS,
433 1048 470 1078 et
488 1041 766 1089 controversias,
787 1041 817 1078 si
836 1054 922 1091 quae
939 1040 1033 1078 forte
1051 1041 1089 1077 in
1110 1054 1171 1078 eas

74 1093 250 1131 incident.
296 1093 401 1130 Nam
420 1093 466 1131 de
489 1095 664 1131 omnibus
689 1094 969 1144 pei-scribemus.
1019 1093 1172 1131 Primus

76 1159 164 1196 ergo
182 1147 401 1184 accusatoris
425 1146 528 1185 locus
553 1154 620 1195 est,
641 1148 721 1195 ejus
740 1147 916 1194 nominis,
943 1147 1050 1195 cujus
1069 1146 1115 1183 de
1134 1147 1172 1184 vi

75 1200 270 1249 quaeritur,
298 1200 419 1237 brevis
438 1206 475 1237 et
497 1207 626 1250 aperta
649 1207 686 1237 et
708 1213 754 1237 ex
779 1200 979 1237 hominum
998 1200 1173 1249 opinione

75 1252 255 1301 definitio,
284 1252 354 1290 hoc
385 1253 521 1291 modo:
559 1253 802 1302 Majestatem
833 1253 1016 1299 minuere,
1046 1259 1101 1290 esst
1127 1252 1174 1290 de

76 1305 270 1355 dignitate,
291 1312 357 1343 aut
374 1305 637 1356 amplitudine,
657 1312 723 1343 aut
740 1312 921 1356 potestate
942 1305 1087 1356 populi,
1108 1312 1174 1342 aut

77 1371 208 1396 eorum
226 1359 365 1410 quibus
388 1359 552 1409 populus
573 1365 794 1409 potestatem
813 1358 928 1405 dedit,
948 1357 1092 1408 aliquid
1111 1358 1176 1395 de-

79 1424 219 1462 rogare.
249 1412 349 1459 Hoc,
370 1412 421 1449 sic
439 1411 598 1450 breviter
616 1411 843 1461 expositum,
862 1411 1035 1461 pluribus
1053 1410 1176 1448 verbis

79 1472 134 1502 est
163 1471 200 1501 et
225 1464 431 1502 rationibus
456 1464 770 1512 confirmandum,
798 1471 835 1501 et
863 1464 917 1500 ita
938 1476 1029 1511 esse,
1049 1470 1093 1500 ut
1110 1463 1176 1500 de-

79 1517 281 1568 scripseris,
301 1516 585 1555 ostendendum.
615 1518 751 1555 Postea
768 1516 817 1554 ad
832 1516 887 1564 id,
908 1516 1010 1567 quod
1023 1516 1177 1554 definie-

79 1571 142 1617 ris,
170 1570 313 1608 factum
333 1571 426 1619 ejus,
447 1569 514 1621 qui
539 1570 785 1618 accusabitur,
809 1569 1014 1619 adjungere
1031 1575 1179 1620 oporte-

80 1624 149 1671 bit,
189 1630 226 1661 et
258 1636 305 1661 ex
337 1637 394 1670 eo,
427 1623 529 1674 quod
560 1623 762 1660 ostenderis
794 1635 885 1671 esse,
914 1622 1017 1660 verbi
1049 1621 1176 1670 causa,

81 1677 324 1725 Majestatem
356 1677 540 1723 minuere,
575 1675 719 1723 docere,
755 1675 1009 1713 adversarium
1041 1676 1178 1723 majes-

81 1737 197 1768 tatem
211 1729 405 1778 minuisse,
426 1736 462 1767 et
479 1730 581 1767 hunc
598 1729 725 1767 locum
744 1735 866 1767 totum
885 1728 1078 1766 communi
1096 1728 1179 1766 loco

78 1783 312 1830 confirmare,
328 1795 395 1833 per
412 1795 527 1833 quem
545 1782 662 1833 ipsius
672 1782 764 1820 facti
782 1782 954 1819 atrocitas
972 1787 1038 1818 aut
1055 1781 1180 1831 indig-

79 1836 190 1883 nitas,
206 1842 273 1873 aut
290 1836 444 1873 omnino
463 1836 587 1886 culpa,
607 1848 696 1873 cum
714 1834 971 1885 indignatione
985 1840 1178 1883 augeatur.

83 1889 174 1926 Post
201 1889 270 1926 erit
298 1889 525 1926 infirmanda
553 1888 848 1927 adversariorum
873 1887 1081 1937 descriptio.
1121 1886 1182 1924 Ea

82 1949 209 1979 autem
228 1942 495 1990 infirmabitur,
516 1942 546 1979 si
565 1942 659 1979 falsa
673 1940 999 1979 demonstrabitur.
1030 1939 1116 1977 Hoc
1134 1951 1180 1976 ex

83 1995 258 2045 opinione
276 1994 477 2032 hominum
496 2002 690 2039 sumetur,
719 2007 822 2042 cum,
843 1992 1180 2051 quemadmodum,

85 2055 122 2084 et
151 2048 289 2098 quibus
317 2048 358 2084 in
388 2049 499 2085 rebus
524 2048 708 2095 homines,
734 2047 775 2084 in
801 2045 1068 2084 consuetudine
1095 2043 1183 2082 scri-

86 2100 198 2137 bendi
222 2108 289 2138 aut
307 2101 592 2147 sermocinandi,
618 2114 661 2138 eo
685 2102 798 2138 verbo
815 2100 872 2137 uti
890 2100 1044 2145 soleant,
1063 2096 1184 2134 consi-

87 2153 289 2192 derabitur.
337 2154 436 2193 Item
462 2154 728 2203 infirmabitur,
755 2153 786 2192 si
810 2153 931 2243 tugpis
955 2158 1021 2191 aut
1042 2149 1186 2190 inutilis

784 2217 817 2244 11
