1428 2308
249 95 326 135 DE
355 91 741 142 INVENTIONE,
772 91 869 130 Lm.
887 90 920 129 1.
951 90 1054 130 cir.
1075 90 1134 129 10.
1217 91 1241 128 9

144 210 325 254 oporteat,
346 209 512 247 constat3
534 208 570 240 et
583 208 724 247 tamen,
745 207 945 250 quantum,
962 205 999 236 et
1017 195 1243 246 eujusmodi,

145 265 182 295 et
200 257 354 294 omnino
373 256 484 306 quale
503 256 563 302 sit,
580 254 784 305 quaeritur3
814 253 884 290 hoc
902 251 1038 289 modo:
1069 251 1097 288 J
1100 257 1244 297 ustum,

144 322 193 347 an
208 310 416 358 injustum:
446 309 552 355 utile,
573 320 621 344 an
639 307 796 351 inutile3
819 314 855 344 et
873 305 1014 351 omnia,
1033 305 1073 341 in
1092 303 1245 354 quibus,

145 363 257 413 quale
275 363 323 400 sit
340 362 379 399 id
398 361 500 412 quod
518 361 660 398 factum
681 368 748 407 est,
769 359 962 410 quaeritur,
983 358 1062 395 sine
1080 356 1161 393 ulla
1180 368 1247 393 no-

142 416 255 453 minis
281 415 538 453 controversia.
580 414 683 451 Huic
708 413 834 463 generi
855 412 1107 461 Hermagoras
1126 417 1248 459 partes

144 476 307 519 quatuor
338 468 548 518 supposuit,
577 467 871 513 deliberativam,
901 463 1245 510 demonstrativam,

143 521 409 570 juridicialem,
417 521 654 571 negotialem.
672 519 788 566 Quod
801 520 880 567 ejus
896 521 956 560 (ut
969 530 1036 555 nos
1051 523 1246 567 putamus)

146 587 222 612 non
253 574 439 612 mediocre
469 582 664 624 peccatum
700 570 1049 622 reprehendendum
1086 569 1246 615 videtur,

146 641 279 665 verum
308 628 437 672 brevi3
467 639 515 664 ne
544 634 623 674 aut,
653 626 684 663 si
714 626 816 663 taciti
839 624 1140 675 praeterierimus,
1171 622 1249 659 sine

146 681 259 718 causa
272 693 348 718 non
363 680 478 718 secuti
492 693 579 717 eum
594 687 772 730 putemur
785 692 796 723 ς
818 686 896 723 aut,
918 676 948 714 si
963 676 1103 713 diutius
1122 676 1162 712 in
1178 675 1248 713 hoc

147 733 435 779 constiterimus,
465 746 611 770 moram
629 740 742 782 atque
760 730 1075 781 impedimentum
1095 728 1248 779 reliquis

147 787 340 838 praeceptis
365 786 534 824 intulisse
559 785 765 823 videamur.
813 784 854 822 si
878 782 1094 820 deliberatio
1124 789 1160 819 et
1184 781 1249 819 de-

147 840 367 878 monstratio
384 851 521 888 genera
539 846 627 875 sunt
645 849 856 884 causarum,
877 848 952 873 non
970 842 1126 885 possunt
1151 842 1250 872 recte

146 900 268 944 partes
293 893 452 940 alicujus
477 891 622 941 generis
647 903 767 927 causae
791 889 927 940 putari.
974 888 1121 925 Eadem
1148 888 1249 926 enim

145 959 202 984 res
217 946 281 983 alii
294 958 413 995 genus
432 957 522 993 esse,
543 944 608 980 alii
625 957 711 993 pars
729 951 874 993 potest;
896 941 1017 979 eidem
1036 954 1154 991 genus
1173 954 1250 978 esse

144 1007 182 1036 et
195 1012 281 1049 pars
294 1011 370 1036 non
389 1004 522 1048 potest.
564 996 795 1035 Deliberatio
809 1003 951 1043 autem,
968 1002 1004 1032 et
1018 995 1249 1033 demonstra-

144 1052 211 1099 tio,
239 1064 376 1102 genera
393 1058 481 1088 sunt
500 1063 722 1088 causarum:
753 1062 843 1086 nam
861 1056 927 1086 aut
951 1048 1103 1086 nullum
1128 1060 1251 1086 causae

145 1117 264 1155 genus
290 1112 357 1153 est,
386 1111 452 1142 aut
474 1103 652 1152 judiciale
677 1103 814 1151 solum,
843 1109 910 1140 aut
934 1109 971 1139 et
991 1101 1184 1150 judiciale,
1215 1108 1251 1138 et

146 1158 497 1206 demonstrativum,
527 1164 564 1194 et
594 1156 892 1194 deliberativum.
935 1155 1103 1192 Nullum
1131 1154 1253 1192 dicere

147 1225 269 1249 causae
293 1224 371 1249 esse
388 1223 520 1261 genus,
550 1223 638 1248 cum
663 1222 792 1247 causas
810 1223 887 1247 esse
906 1208 1046 1246 multas
1072 1207 1184 1256 dicat,
1215 1215 1251 1245 et

147 1265 188 1302 in
207 1277 269 1302 eas
286 1271 472 1315 praecepta
489 1264 565 1311 det,
593 1263 758 1301 amentia
784 1271 861 1301 est:
892 1274 1015 1300 unum
1039 1268 1167 1311 autem
1187 1262 1251 1309 ju-

150 1317 283 1356 diciale
301 1318 425 1356 solum
443 1330 520 1355 esse
538 1317 606 1367 qui
625 1324 760 1367 potest,
780 1329 868 1354 cum
887 1314 1102 1353 deliberatio
1128 1322 1165 1351 et
1187 1314 1251 1351 de-

149 1371 369 1408 monstratio
395 1383 518 1421 neque
544 1370 635 1420 ipsae
662 1370 803 1409 similes
830 1370 926 1406 inter
954 1381 992 1406 se
1021 1367 1110 1415 sint,
1141 1374 1178 1405 et
1203 1369 1252 1404 ab

145 1424 318 1472 judiciali
336 1436 470 1474 genere
486 1423 697 1474 plurimum
722 1423 936 1468 dissideant,
961 1429 998 1459 et
1016 1433 1129 1458 suum
1148 1433 1252 1471 quae-

149 1490 224 1528 que
249 1477 364 1514 finem
383 1476 533 1524 habeat,
554 1489 630 1527 quo
653 1476 781 1513 referri
799 1476 961 1513 debeat?
1009 1474 1255 1524 Relinquitur

150 1543 251 1580 ergo,
280 1537 324 1567 ut
345 1530 473 1568 omnia
499 1530 569 1567 tria
593 1541 730 1579 genera
748 1529 822 1567 sint
841 1540 1050 1566 causarum.
1098 1526 1254 1564 Delibe-

149 1584 243 1621 ratio
261 1583 389 1633 igitur,
410 1590 447 1620 et
465 1583 744 1629 demonstratio,
761 1595 836 1619 non
851 1588 1006 1632 possunt
1019 1587 1117 1617 recte
1130 1587 1254 1630 partes

149 1636 310 1685 alicujus
329 1636 474 1686 generis
492 1649 613 1673 causae
627 1635 762 1686 putari.
807 1635 915 1673 Male
929 1635 1044 1685 igitur
1062 1646 1123 1671 eas
1140 1645 1253 1684 gene-

149 1689 237 1727 ralis
255 1689 527 1727 constitutionis
545 1696 668 1740 partes
687 1702 764 1726 esse
781 1689 889 1726 dixit.

204 1742 257 1780 X.
278 1742 394 1790 Quod
408 1743 438 1780 si
452 1743 596 1792 generis
615 1755 735 1779 causae
753 1750 876 1792 partes
891 1753 966 1778 non
985 1746 1142 1791 possunt
1155 1746 1253 1776 recte

150 1796 289 1846 putari,
318 1796 441 1833 multo
458 1795 586 1833 minus
603 1802 700 1833 recte
724 1795 839 1845 partis
858 1807 977 1832 causae
1002 1800 1124 1844 partes
1142 1800 1253 1842 puta-

151 1851 305 1886 buntur.
354 1849 447 1885 Pars
472 1856 599 1886 autem
625 1861 747 1886 causae
775 1848 988 1886 constitutio
1021 1854 1075 1884 est
1103 1845 1250 1883 omnis:

150 1914 226 1939 non
245 1902 347 1939 enim
365 1914 476 1939 causa
489 1901 537 1938 ad
552 1902 869 1949 constitutionem,
890 1900 953 1937 sed
973 1898 1186 1937 constitutio
1205 1897 1253 1934 ad

149 1967 317 2002 causam,
338 1954 651 1992 accommodatur.
695 1955 769 1992 Sed
783 1953 1049 1991 demonstratio
1063 1959 1100 1989 et
1113 1951 1253 1988 delibe-

151 2008 246 2046 ratio
263 2008 409 2058 generis
434 2020 554 2045 causae
578 2015 701 2058 partes
719 2019 794 2045 non
813 2014 968 2058 possunt
992 2013 1088 2043 recte
1112 2003 1251 2053 putari,

152 2061 255 2111 quod
285 2061 368 2111 ipsa
393 2068 481 2098 sunt
507 2073 667 2110 genera:
697 2061 819 2098 multo
850 2059 966 2110 igitur
996 2058 1123 2095 minus
1155 2062 1254 2093 recte

150 2114 266 2163 partis
280 2115 360 2162 ejus
375 2114 494 2165 (quod
507 2114 568 2152 hic
583 2113 688 2160 dicit)
703 2121 826 2164 partes
839 2114 1085 2163 putabuntur.
1103 2107 1253 2146 Deinde

146 2166 179 2203 si
198 2167 412 2206 constitutio
430 2174 467 2206 et
484 2167 580 2218 ipsa,
600 2173 637 2206 et
654 2179 740 2218 pars
758 2163 1029 2205 constitutionis
1049 2163 1129 2211 ejus
1147 2173 1252 2212 quae-
