1429 2344
167 60 247 100 308
302 57 379 98 DE
399 56 695 109 ORATORE,
725 57 824 97 LIB.
846 57 928 97 ΙΙΙ.
957 56 1062 97 CAP.
1086 57 1148 97 18.

172 180 251 207 esse
265 167 454 206 dixerunt.
483 166 558 206 Sed
571 173 779 218 utrumque
797 172 853 205 est
865 165 906 203 in
923 165 997 213 his,
1013 165 1116 218 quod
1129 167 1177 204 ab
1191 164 1277 213 hoc,

173 234 290 273 quem
308 221 544 267 instruimus,
565 227 710 259 oratore
724 220 832 258 valde
846 220 1068 265 abhorreat3
1089 220 1163 267 vel,
1179 219 1283 271 quod

173 288 319 322 omnes,
336 275 403 326 qui
414 275 598 326 sapientes
611 287 689 313 non
704 273 791 321 sint,
805 286 942 320 servos,
953 274 1129 321 latrones,
1142 273 1282 321 hostes,

175 329 326 366 insanos
352 341 431 366 esse
458 329 614 374 dicunt3
645 340 768 379 neque
793 335 919 365 tamen
945 340 1179 379 quemquam
1206 339 1285 365 esse

176 383 397 433 sapientem.
418 382 543 421 Valde
558 389 686 420 autem
701 389 755 419 est
769 381 990 429 absurdum,
1007 381 1041 419 ei
1053 381 1284 431 concionem,

175 443 243 473 aut
254 443 441 483 senatum,
455 443 522 474 aut
535 436 660 473 ullum
675 443 811 473 coetum
824 435 1026 472 hominum
1038 435 1285 483 committere,

177 489 239 527 cui
251 502 363 527 nemo
373 489 541 536 illorum,
558 490 625 540 qui
639 489 775 535 adsint,
790 501 916 536 sanus,
932 501 1044 527 nemo
1056 489 1159 535 civis,
1175 501 1288 527 nemo

177 543 288 590 liber,
317 556 394 581 esse
418 543 600 581 videatur.
640 543 814 590 Accedit,
842 542 944 594 quod
973 542 1149 580 orationis
1174 542 1289 580 etiam

179 609 299 647 genus
317 597 460 635 habent
484 597 639 635 fortasse
659 597 810 644 subtile,
831 604 867 634 et
886 602 983 634 certe
1002 603 1182 641 acutum;
1208 597 1287 644 sed,

178 657 223 688 ut
241 650 282 688 in
301 657 458 698 oratore,
475 651 585 698 exile,
601 651 838 697 inusitatum,
856 650 1059 688 abhorrens
1073 651 1121 687 ab
1135 649 1290 689 auribus

179 704 301 754 vulgi,
317 706 534 751 obscurum,
550 705 675 751 inane,
690 705 880 754 jejunum,
901 702 1108 755 [attamen]
1125 704 1290 752 ejusmo-

180 757 235 804 di,
249 771 325 809 quo
340 758 397 795 uti
412 758 460 796 ad
472 759 609 808 vulgus
621 759 728 796 nullo
739 758 852 796 modo
866 758 996 809 possis.
1024 757 1119 795 Alia
1137 757 1239 795 enim
1254 766 1292 796 et

180 812 282 849 bona
301 818 337 850 et
353 812 457 849 mala
474 812 650 850 videntur
669 812 818 859 Stoicis,
839 819 875 849 et
895 811 1034 850 caeteris
1053 811 1211 859 civibus,
1232 812 1293 850 vel

181 865 307 916 potius
322 866 523 916 gentibus3
545 866 618 903 alia
633 866 688 904 vis
701 866 893 913 honoris,
883 865 1115 916 lgnominiae,
1130 866 1292 916 praemii,

182 919 383 969 supplicii3
405 932 504 967 vere,
531 932 580 957 an
600 933 718 967 secus,
738 920 836 957 nihil
860 920 909 957 ad
932 920 1004 958 hoc
1025 926 1201 970 tempus.
1229 920 1295 958 sed

183 985 228 1009 ea
253 972 284 1010 si
309 985 527 1023 sequamur,
547 974 696 1011 nullam
713 986 886 1025 unquam
904 986 986 1011 rem
1004 972 1161 1012 dicendo
1180 987 1295 1026 expe-

183 1025 264 1063 dire
282 1026 482 1076 possimus.

238 1079 397 1131 Reliqui
429 1086 517 1117 sunt
545 1080 784 1132 Peripatetici
813 1087 849 1118 et
876 1079 1124 1127 Academici3
1157 1093 1293 1132 quam-

184 1146 303 1184 quam
331 1133 651 1172 Academicorum
679 1146 819 1171 nomen
852 1140 906 1172 est
933 1147 1071 1181 unum,
1101 1135 1295 1173 sententiae

184 1187 295 1224 duae:
316 1199 407 1224 nam
423 1188 670 1239 Speusippus,
692 1187 862 1226 Platonis
877 1188 1011 1225 sororis
1025 1188 1141 1235 filius,
1163 1196 1199 1226 et
1214 1189 1295 1227 Xe-

186 1247 369 1288 nocrates,
386 1241 453 1291 qui
469 1241 670 1279 Platonem
684 1241 867 1288 audierat,
881 1249 930 1287 et,
945 1241 1012 1292 qui
1026 1241 1295 1291 Xenocratem,

188 1293 348 1331 Polemo
374 1302 411 1332 et
434 1294 595 1332 Crantor
617 1295 713 1332 nihil
732 1297 779 1333 ab
801 1295 1019 1342 Aristotele,
1041 1295 1108 1346 qui
1132 1296 1212 1333 una
1229 1309 1298 1334 au-

186 1347 307 1386 dierat
322 1348 536 1395 Platonem,
551 1361 781 1399 magnopere
794 1348 989 1387 dissensit:
1007 1349 1115 1400 copia
1127 1349 1297 1400 fortasse,

188 1407 227 1438 et
254 1401 432 1439 varietate
461 1402 622 1449 dicendi,
654 1415 762 1453 pares
790 1415 867 1440 non
896 1402 1062 1440 fuerunt.
1108 1403 1300 1443 Arcesilas

187 1454 373 1505 primum,
390 1455 457 1506 qui
473 1456 720 1493 Polemonem
735 1456 918 1504 audierat,
935 1469 983 1494 ex
1001 1456 1113 1494 variis
1128 1456 1300 1496 Platonis

188 1508 309 1557 libris,
337 1508 648 1561 sermonibusque
675 1509 883 1558 Socraticis,
914 1509 986 1547 hoc
1014 1510 1184 1548 maxime
1207 1511 1301 1549 arri-

188 1561 288 1613 puit,
316 1562 413 1599 nihil
438 1576 516 1601 esse
540 1563 644 1610 certi,
671 1563 775 1614 quod
800 1571 866 1601 aut
891 1563 1061 1602 sensibus
1087 1571 1154 1602 aut
1172 1565 1301 1604 animo

188 1615 331 1666 percipi
356 1616 496 1666 possit:
527 1629 643 1667 quem
667 1616 807 1665 ferunt,
834 1617 975 1655 eximio
1001 1617 1167 1679 quodam
1186 1631 1301 1657 usum

188 1669 317 1719 lepore
331 1669 492 1717 dicendi,
509 1670 778 1720 adspernatum
793 1684 870 1709 esse
885 1683 998 1709 omne
1017 1671 1136 1708 animi
1153 1674 1300 1710 sensus-

191 1735 268 1773 que
283 1722 484 1772 judicium,
500 1723 746 1774 primumque
760 1724 977 1770 instituisse,
994 1727 1246 1786 (quamquam
1259 1725 1301 1764 id

191 1775 266 1814 fuit
296 1777 527 1814 Socraticum
558 1777 743 1825 maxime)
776 1790 867 1825 non,
898 1777 993 1829 quid
1020 1778 1101 1829 ipse
1132 1779 1299 1828 sentiret,

191 1830 412 1876 ostendere3
443 1830 508 1868 sed
535 1837 664 1868 contra
691 1830 745 1879 id,
779 1831 883 1883 quod
909 1831 1071 1883 quisque
1098 1845 1138 1870 se
1163 1834 1301 1873 sentire

192 1883 362 1931 dixisset,
382 1884 584 1935 disputare.

247 1937 353 1974 Hinc
378 1937 458 1975 haec
482 1937 662 1975 recentior
686 1937 897 1976 Academia
922 1938 1124 1986 emanavit,
1153 1939 1193 1977 in
1220 1940 1299 1992 qua.

191 1992 335 2030 exstitit
358 1991 488 2029 divina
511 1991 678 2053 quadam
703 1992 889 2030 celeritate
913 1991 1056 2043 ingemi
1073 1992 1298 2046 dicendique

191 2045 301 2096 copia
333 2044 568 2091 Carneades3
598 2046 706 2094 cujus
739 2059 808 2096 ego
841 2046 909 2084 etsi
935 2047 1076 2085 multos
1108 2047 1296 2087 auditores

191 2098 350 2150 cognovi
367 2099 547 2147 Athenis,
570 2105 698 2138 tamen
717 2107 885 2139 auctores
903 2100 1125 2140 certissimos
1142 2101 1298 2141 laudare

187 2165 358 2204 possum,
370 2159 407 2192 et
421 2165 590 2193 socerum
603 2165 734 2193 meum
746 2153 968 2204 Scaevolam,
981 2153 1049 2207 qui
1059 2167 1148 2195 eum
1159 2155 1298 2196 Romae
