1429 2344
160 63 212 101 86
266 60 344 100 DE
364 58 752 110 INVENTIONE‚
774 59 872 99 Lm.
889 58 947 100 11.
968 59 1072 99 CAP.
1092 59 1157 99 26.

157 177 343 231 praecepta
355 168 482 207 licebit
495 169 571 207 huc
588 169 671 219 pari
688 168 831 206 ratione
849 168 1072 206 transferre·
1093 180 1184 206 nam
1202 180 1265 206 ac-
1283 178 1286 181 ·

161 224 323 263 cusatori
345 223 514 261 maxime
539 229 594 260 est
617 222 657 259 in
683 221 755 260 hoc
781 222 1066 270 elaborandum,
1085 230 1130 260 ut
1147 221 1214 259 id·
1204 235 1264 272 lp-

161 291 248 317 sum
272 278 431 324 factum,
460 282 611 327 propter
639 275 743 326 quod
772 275 844 313 sibi
871 289 955 314 reus
980 275 1132 314 concedi
1155 282 1267 326 putat

161 338 344 383 oportere,
373 343 490 381 quam
515 329 690 380 plurimis
714 329 881 367 infirmet
899 329 1132 374 rationibus;
1162 329 1266 380 quod

161 386 271 424 facile
296 392 364 431 est,
391 384 422 421 si
447 396 564 434 quam
589 383 764 433 plurimis
789 383 1117 421 constitutionibus
1135 395 1268 432 aggre-

163 439 266 477 ditur
283 439 323 475 id
337 438 562 488 improbare.
592 436 683 486 Ipsa
696 444 824 474 autem
838 436 1082 487 comparatio,
1102 446 1271 486 separata

162 506 185 531 a
214 492 354 530 caeteris
383 490 582 541 generibus
611 490 959 537 controversiarum,
987 489 1038 527 sic
1064 503 1112 527 ex
1137 489 1206 527 sua
1230 490 1268 526 vi

163 545 471 591 considerabitur,
492 544 523 581 si
541 543 652 590 illud,
673 544 775 594 quod
794 543 1087 594 comparabitur,
1108 550 1175 580 aut
1191 555 1269 580 non

163 601 366 638 honestum
390 605 458 635 aut
481 610 557 635 non
575 597 668 635 utile
687 605 753 635 aut
771 610 848 635 non
871 597 1121 635 necessarium
1139 596 1269 644 fuisse,

163 660 231 692 aut
248 665 325 690 non
343 659 537 702 tantopere
550 651 657 699 utile,
678 658 744 689 aut
757 664 834 689 non
848 658 1040 702 tantopere
1053 651 1270 699 honestum,

164 714 231 745 aut
249 719 325 744 non
345 712 538 756 tantopere
556 705 820 752 necessarium,
836 704 1164 743 demonstrabitur.
1193 703 1275 741 De-

165 761 254 798 inde
272 766 418 810 oportet
435 766 702 806 accusatorem,
722 759 820 797 illud
838 759 942 810 quod
958 759 1039 810 ipse
1057 764 1204 808 arguat,
1225 759 1273 795 ab

167 828 210 852 eo
235 814 339 865 quod
363 812 534 851 defensor
559 819 764 863 comparat,
785 826 966 863 separare.v
1002 811 1052 850 Id
1069 818 1198 849 autem
1215 811 1275 848 fa·

166 869 251 915 ciet,
269 867 300 905 si
318 866 603 914 demonstrabit,
623 879 700 905 non
713 866 766 904 ita
780 867 861 904 fieri
875 867 1005 915 solere,
1025 878 1149 916 neque
1162 877 1272 915 opor-

167 929 269 967 tere3
298 933 422 972 neque
451 932 529 958 esse
558 921 756 967 rationem,
788 933 904 971 quare
928 920 1000 958 hoc
1023 926 1178 970 propter
1202 918 1275 956 hoc

167 977 247 1023 fiat,
278 982 338 1022 ut,
367 982 520 1025 propter
550 974 711 1012 salutem
737 974 920 1021 militum,
948 987 1005 1022 ea,
1031 986 1118 1024 quae
1144 972 1275 1010 salutis

165 1028 279 1068 causa
308 1034 523 1078 comparata
552 1034 654 1076 sunt,
683 1028 855 1065 hostibus
882 1027 1090 1064 tradantur.
1139 1026 1276 1064 Postea

168 1095 385 1133 comparare
416 1081 602 1131 oportebit
633 1093 723 1119 cum
752 1081 933 1119 beneficio
959 1079 1205 1127 maleficium,
1240 1086 1278 1117 et

168 1136 325 1175 omnino
348 1135 389 1172 id
415 1134 518 1186 quod
542 1135 727 1185 arguitur,
755 1147 843 1172 cum
869 1148 912 1173 eo
937 1134 1040 1186 quod
1063 1133 1208 1171 factum
1227 1135 1276 1171 ab

169 1190 362 1228 defensore
382 1188 575 1236 laudatur,
596 1196 662 1226 aut
679 1188 895 1226 faciendum
913 1188 1026 1226 fuisse
1045 1187 1277 1225 demonstra-

170 1245 287 1288 bitur,
309 1242 544 1289 contendere,
560 1249 610 1289 et,
625 1243 696 1280 hoc
712 1243 964 1290 extenuando,
979 1241 1155 1279 maleficii
1169 1253 1278 1290 mag-

172 1297 387 1335 nitudinem
417 1296 533 1333 simul
561 1296 758 1347 adaugere.
798 1296 847 1333 Id
874 1296 955 1334 fieri
980 1295 1129 1346 poterit,
1158 1294 1189 1331 si
1215 1293 1279 1332 de-

172 1364 298 1389 mons
288 1351 458 1397 'rabitur,
487 1349 693 1397 honestius,
721 1350 867 1398 utilius,
887 1349 1009 1399 magis
1027 1347 1279 1386 necessarium

173 1405 288 1442 fuisse
302 1404 356 1453 id,
377 1402 481 1455 quod
499 1402 626 1440 vitarit
638 1416 736 1450 reus,
758 1416 875 1454 quam
889 1403 1003 1450 illud,
1023 1402 1126 1453 quod
1139 1401 1278 1439 fecerit.

177 1458 340 1496 Honesti
365 1464 492 1495 autem
513 1464 549 1494 et
567 1457 670 1494 utilis
689 1464 726 1495 et
744 1457 939 1495 necessarii
957 1456 1013 1494 vis
1033 1462 1069 1493 et
1087 1462 1223 1493 natura
1240 1454 1280 1492 in

175 1511 452 1549 deliberationis
470 1511 664 1561 praeceptis
683 1518 936 1572 cognoscetur.
966 1509 1118 1547 Deinde
1136 1515 1285 1559 oporte-

174 1566 232 1603 bit
259 1565 383 1616 ipsam
406 1565 515 1601 illam
545 1565 841 1615 comparativam
866 1563 1137 1613 judicationem
1168 1574 1285 1612 expo-

176 1631 279 1665 nere,
308 1626 507 1669 tamquam
536 1631 689 1655 causam
714 1618 1012 1665 deliberativam,
1039 1624 1076 1654 et
1102 1616 1149 1653 de
1173 1615 1218 1653 ea
1236 1628 1283 1652 ex

177 1671 434 1710 deliberation
424 1685 455 1709 13
486 1672 681 1722 praeceptis
713 1672 888 1722 deinceps
915 1670 1048 1709 dicere.
1096 1669 1154 1707 Sit
1181 1667 1284 1706 enim

177 1726 259 1763 haec
282 1725 477 1774 judicatio,
506 1738 623 1775 quam
642 1733 729 1763 ante
748 1724 1006 1776 exposuimus,
1034 1722 1136 1761 Cum
1154 1734 1285 1760 omnes

177 1779 336 1830 perituri
353 1779 492 1815 milites
511 1785 645 1826 essent,
665 1779 737 1816 nisi
756 1779 805 1816 ad
822 1779 920 1816 hanc
937 1777 1150 1828 pactionem
1165 1775 1286 1813 venis-

179 1840 276 1879 sent,
302 1839 434 1870 utrum
459 1832 574 1869 satius
591 1831 706 1870 fuerit
723 1845 843 1883 penre
867 1831 1020 1878 milites,
1040 1842 1090 1867 an
1116 1829 1164 1866 ad
1188 1829 1286 1866 hanc

178 1886 392 1936 pactionem
412 1885 548 1923 tenire.
590 1885 677 1924 Hoc
696 1899 742 1923 ex
760 1885 851 1923 locis
869 1882 1159 1930 deliberationis,
1180 1881 1286 1933 quasi

179 1939 377 1990 aliquam
367 1952 408 1976 ln
426 1939 738 1977 consultationem
762 1952 820 1977 res
846 1938 985 1986 veniat,
1006 1937 1154 1975 tractari
1180 1947 1290 1986 opor-

183 1994 289 2031 tebit.

237 2046 397 2084 XXVI.
427 2045 613 2083 Defensor
638 2053 780 2094 autem,
808 2045 947 2097 quibus
972 2045 1014 2082 in
1039 2043 1131 2082 locis
1156 2044 1203 2080 ab
1229 2055 1289 2080 ac

184 2108 353 2138 cusatore
371 2100 454 2138 aliae
468 2100 748 2138 constitutiones
768 2106 879 2137 erunt
893 2097 1101 2145 inductae,
1090 2109 1131 2134 1n
1150 2096 1196 2134 iis
1214 2096 1291 2146 ipse

186 2167 340 2205 quoque
358 2167 405 2192 ex
420 2153 553 2193 iisdem
570 2154 900 2194 constitutionibus
918 2151 1174 2209 defensionem
1193 2161 1293 2189 com-
