1429 2344
161 61 240 100 382
269 61 346 100 DE
367 60 572 101 CLARIS
592 61 981 112 ORATORIBUS,
1002 60 1108 101 CAP.
1123 59 1193 99 28.

162 170 617 221 commentationibusque
647 170 815 208 multum
846 183 968 222 operae
999 169 1154 208 solitum
1185 179 1266 205 esse

161 235 311 273 ponere.
360 223 437 261 Hic
455 224 634 275 optimus,
653 224 728 262 illis
746 224 992 275 temporibus,
1012 230 1067 261 est
1084 229 1268 273 patronus

163 276 314 313 habitus
328 291 340 322 ς
362 290 481 328 eoque
497 277 624 315 forum
642 284 804 326 tenente,
819 278 931 328 plura
943 277 1024 315 fieri
1034 275 1178 326 judicia
1194 287 1266 312 coe-

163 337 326 380 perunt:
356 343 448 368 nam
473 338 508 368 et
539 331 761 382 quaestiones
789 338 993 382 perpetuae,
1021 330 1093 368 hoc
1121 327 1267 367 adoles-

164 389 284 431 cente,
305 385 517 422 constitutae
536 392 637 432 sunt,
662 398 749 436 quae
767 393 877 422 antea
893 385 1009 421 nullae
1025 383 1181 421 fuerunt
1200 381 1266 424 (L.

165 436 267 474 enim
287 437 390 484 Piso,
407 438 580 475 tribunus
594 439 728 489 plebis,
742 439 867 488 legem
880 437 1026 489 primus
1039 437 1087 474 de
1099 434 1268 487 pecuniis

165 490 395 540 repetundis,
418 491 622 529 Censorino
649 499 685 529 et
707 491 871 529 Manilio
896 491 1126 538 consulibus,
1152 488 1265 527 tulit:

164 542 245 593 ipse
269 543 383 581 etiam
409 545 498 582 Piso
517 552 553 582 et
572 558 702 583 causas
727 545 816 595 egit,
844 552 880 582 et
903 545 1113 582 multarum
1137 543 1269 593 legum

166 604 235 634 aut
253 605 382 635 auctor
400 606 467 636 aut
491 598 677 636 dissuasor
700 598 799 644 fuit3
829 598 936 649 isque
954 605 991 635 et
1008 596 1192 634 orationes
1210 608 1268 633 re-

166 650 294 700 liquit,
315 665 401 702 quae
412 653 494 701 jam
513 660 760 699 evanuerunt,
781 659 817 690 et
835 651 1002 699 annales,
1018 663 1106 688 sane
1124 649 1271 687 exiliter

168 703 367 754 scriptos);
398 713 434 743 et
460 706 603 754 judicia
631 706 777 757 populi,
807 705 946 757 quibus
975 704 1103 742 aderat
1130 703 1268 750 Carbo,

167 757 250 805 jam
281 758 403 808 magis
435 766 639 809 patronum
675 759 949 806 desiderabant,
986 757 1127 796 tabella
1156 755 1269 794 data:

167 823 285 861 quam
303 812 427 861 legem
447 813 495 850 L.
512 813 676 863 Cassius,
699 813 846 865 Lepido
871 820 909 850 et
926 811 1111 850 Mancino
1136 822 1269 848 consu-

171 864 286 911 libus,
306 866 406 902 tuh't.

223 917 432 957 XXVIII.
462 919 597 957 Vester
623 920 736 958 etiam
755 919 807 958 D.
827 920 986 967 Brutus,
1013 918 1074 956 M.
1094 916 1210 964 filius,
1229 923 1274 954 ut

170 984 219 1008 ex
237 971 416 1010 familiari
442 974 522 1022 ejus
541 974 589 1010 L.
609 974 720 1012 Attio
739 974 851 1024 poeta
869 986 955 1011 sum
974 972 1104 1010 audire
1128 971 1273 1018 solitus,

171 1031 208 1062 et
226 1024 347 1063 dicere
365 1038 441 1063 non
460 1027 601 1064 inculte
620 1028 775 1075 solebat,
792 1034 828 1065 et
847 1034 939 1072 erat,
959 1039 1048 1064 cum
1064 1024 1182 1063 literis
1196 1024 1274 1062 La-

169 1077 273 1125 tinis,
290 1086 373 1116 tum
388 1079 501 1117 etiam
515 1080 669 1128 Graecis,
685 1089 729 1118 ut
742 1081 973 1131 temporibus
987 1079 1076 1127 inis,
1091 1077 1272 1116 eruditus.

171 1131 272 1178 Quae
298 1132 488 1170 tribuebat
512 1134 614 1171 idem
640 1135 773 1172 Attius
799 1134 913 1172 etiam
939 1133 990 1180 Q.
1006 1132 1198 1179 Maximo,
1223 1131 1271 1168 L.

170 1184 284 1222 Pauli
309 1187 461 1236 nepoti:
493 1194 529 1224 et
556 1201 655 1235 vero,
684 1195 771 1225 ante
804 1187 1042 1233 Maximum,
1061 1186 1173 1222 illum
1193 1184 1271 1223 Sci-

170 1237 338 1288 pionem,
360 1253 436 1290 quo
455 1240 549 1278 duce
562 1241 708 1291 privato
722 1241 785 1278 Ti.
803 1241 996 1278 Gracchus
1010 1239 1150 1277 occisus
1165 1245 1272 1286 esset,

170 1304 261 1328 cum
279 1294 456 1330 omnibus
475 1294 515 1331 in
533 1296 644 1332 rebus
659 1295 935 1343 vehementem,
955 1301 1040 1331 tum
1057 1305 1181 1331 acrem
1199 1291 1274 1330 aie-

172 1346 238 1383 bat
256 1345 296 1382 in
316 1346 474 1384 dicendo
492 1347 619 1385 fuisse.

226 1399 334 1436 Tum
365 1400 477 1438 etiam
509 1402 555 1438 P.
576 1402 766 1440 Lentulus
793 1402 858 1440 ille
885 1401 1073 1453 princeps,
1099 1400 1149 1437 ad
1177 1412 1276 1437 rem-

171 1453 365 1503 publicam
391 1454 578 1492 duntaxat
603 1456 706 1507 quod
730 1469 825 1506 opus
850 1462 957 1503 esset,
987 1454 1074 1492 satis
1101 1453 1277 1491 habuisse

171 1506 395 1557 eloquentiae
413 1507 560 1546 dicitur.
591 1509 809 1560 Iisdemque
826 1508 1058 1560 temporibus
1072 1507 1120 1545 L.
1136 1507 1277 1544 Furius

173 1559 309 1597 Philus
323 1562 485 1610 perbene
504 1562 642 1600 Latine
659 1563 766 1614 loqui
783 1565 1002 1613 putabatur,
1016 1560 1277 1611 literatiusque

172 1626 292 1663 quam
317 1615 450 1652 caeteri.
494 1615 540 1653 P.
562 1617 729 1654 Scaevola
754 1616 862 1654 valde
878 1616 1082 1667 prudenter
1099 1623 1137 1653 et
1154 1621 1276 1662 acute,

170 1667 287 1718 paulo
312 1667 426 1704 etiam
452 1669 660 1720 copiosius;
690 1683 759 1708 nec
782 1670 906 1708 multo
929 1669 1057 1706 minus
1074 1667 1278 1719 prudenter

174 1719 237 1756 M.
258 1719 457 1758 Manilius.
485 1723 610 1774 Appii
628 1723 781 1761 Claudii
794 1723 983 1771 volubilis,
999 1722 1064 1760 sed
1076 1721 1191 1772 paulo
1205 1720 1279 1758 fer-

174 1773 309 1820 vidior,
331 1781 410 1811 erat
428 1776 558 1813 oratio.
589 1776 638 1813 In
657 1777 785 1828 aliquo
803 1789 962 1815 numero
981 1776 1094 1814 etiam
1106 1775 1167 1812 M.
1183 1774 1278 1812 Ful-

175 1826 259 1864 vius
279 1827 451 1875 Flaccus,
472 1835 510 1866 et
528 1829 571 1867 C.
589 1830 698 1875 Cato,
718 1830 895 1868 Africani
912 1829 1045 1867 sororis
1063 1828 1178 1876 filius,
1197 1840 1278 1865 me-

171 1879 314 1918 dioeres
346 1888 533 1928 oratores3
570 1883 638 1921 etsi
671 1883 798 1921 Flacci
830 1884 968 1934 scripta
999 1889 1102 1929 sunt,
1136 1881 1202 1919 sed
1232 1888 1277 1918 ut

170 1933 328 1972 studiosi
345 1934 552 1973 literarum.
600 1937 727 1975 Flacci
745 1943 873 1975 autem
893 1937 1053 1974 aemulus
1072 1935 1118 1973 P.
1134 1934 1277 1973 Decius

170 1986 258 2035 fuit,
275 2000 352 2025 non
369 1988 494 2027 infans
512 1990 577 2028 ille
595 1990 766 2042 quidem,
783 1991 861 2039 sed,
876 1997 920 2029 ut
934 1989 1026 2039 vita,
1046 1989 1098 2028 sic
1110 1989 1277 2028 oratione

172 2040 301 2089 etiam,
322 2043 574 2082 turbulentus.

225 2093 287 2131 M.
308 2094 473 2145 Drusus,
494 2097 539 2135 C.
555 2098 601 2136 F.
622 2097 689 2149 qui
707 2097 748 2135 in
762 2098 959 2137 tribunatu
979 2097 1024 2136 C.
1042 2096 1274 2144 Gracchum,

171 2147 373 2199 collegam,
401 2149 540 2189 iterum
559 2150 772 2202 tribunum,
788 2150 957 2204 [fregit,]
979 2151 1036 2190 vir
1055 2158 1093 2190 et
1110 2150 1278 2190 oratione
