1407 2308
225 95 302 135 DE
330 96 622 147 ORATORE,
653 99 748 139 Lm.
772 101 828 139 II.
860 102 961 142 CAP.
981 104 1045 141 22.
1100 107 1177 145 215

87 202 268 241 ducebat:
298 203 363 241 sed
387 217 430 242 ω
457 217 533 244 non
563 206 650 244 satis
682 207 858 257 proficere
887 210 1080 260 potuisset,
1109 212 1181 251 nisi

87 255 218 293 eodem
243 256 368 295 studio
392 264 506 308 atque
523 258 732 298 imitatione
749 261 980 307 intendisset..
999 271 1113 315 atque
1129 266 1184 305 ita

86 308 208 347 dicere
238 311 462 358 consuesset,
496 318 540 349 ut
571 312 650 350 tota
685 322 811 352 mente
843 315 1036 365 Crassum,
1069 325 1183 370 atque

88 362 194 400 omni
211 362 352 410 animo,
371 363 590 402 intueretur.

143 415 286 454 XXII.
314 415 419 467 Ergo
436 417 507 455 hoc
531 418 578 455 sit
599 418 766 469 primum
792 420 831 458 in
856 423 1050 473 praeceptis
1074 424 1182 474 meis,

89 475 134 506 ut
147 468 458 518 demonstremus,
475 483 589 522 quem
607 471 787 520 imitetur,
808 481 920 525 atque
937 475 1003 524 ita,
1023 483 1079 525 ut,
1100 491 1186 529 quae

90 521 257 560 maxime
275 523 459 561 excellant
476 524 515 561 in
535 537 577 562 eo
596 537 710 576 quem
728 525 950 577 imitabitur,
971 541 1015 567 ea
1028 530 1185 581 diligen-

89 574 233 613 tissime
262 583 530 628 persequatur:
561 585 644 616 tum
673 579 823 618 accedat
855 581 1080 632 exercitatio,
1109 585 1187 635 quii

90 627 216 676 illum,
237 641 352 679 quem
374 635 460 667 ante
477 630 669 681 delegerit,
688 631 870 671 imitando
889 634 1053 685 effingat,
1074 643 1188 689 atque

91 680 145 718 ita
158 682 345 732 exprimat
357 695 369 728 3
389 695 465 721 non
479 691 523 721 ut
536 685 674 723 multos
689 685 892 725 imitatores
906 700 1003 738 saepe
1016 692 1186 740 cognovi,

92 734 159 784 qui
177 741 244 772 aut
261 747 305 773 ea
322 748 409 786 quae
425 735 550 775 facilia
573 745 676 786 sunt,
702 746 768 776 aut
792 739 904 778 etiam
930 741 995 779 illa
1019 755 1104 793 quae
1129 743 1189 782 in-

93 787 214 838 signia
232 801 275 826 ac
292 801 399 839 paene
416 789 560 837 vitiosa,
581 798 838 830 consectantur
852 793 1046 833 imitando.
1076 796 1188 835 Nihil

89 848 147 878 est
164 840 326 890 facilius,
346 855 462 893 quam
480 843 661 881 amictum
680 845 820 882 imitari
837 847 1009 896 alicujus,
1030 856 1096 887 aut
1114 857 1188 888 sta-

94 900 192 942 tum,
208 901 275 932 aut
287 902 447 933 motum.
477 896 518 934 Si
532 909 618 934 vero
633 897 746 935 etiam
765 898 940 937 vitiosum
957 901 1101 952 aliquid
1119 911 1187 952 est,

93 946 133 984 id
157 959 318 995 sumere,
338 955 375 986 et
392 948 432 985 in
451 961 494 986 eo
512 949 684 987 vitiosum
706 963 796 1000 esse,
824 964 899 990 non
918 966 1101 1004 magnum
1120 964 1189 1006 est,

94 1006 136 1037 ut
165 999 244 1047 ille,
275 1001 341 1051 qui
369 1013 472 1040 nunc
496 1002 623 1051 etiam,
655 1003 792 1042 amissa
817 1018 919 1053 voce,
947 1006 1040 1045 furit
1067 1008 1107 1046 in
1132 1022 1190 1048 re-

93 1053 248 1104 publica
266 1053 418 1103 Furius,
437 1067 569 1094 nervos
587 1056 626 1093 in
645 1056 803 1096 dicendo
822 1057 866 1096 C.
883 1059 915 1096 F
917 1059 1076 1109 imbriae,
1096 1075 1191 1113 quos

96 1113 223 1144 tamen
240 1106 375 1145 habuit
388 1108 466 1156 ille,
486 1121 561 1146 non
580 1110 802 1160 assequitur,
823 1112 896 1150 oris
914 1113 1136 1163 pravitatem
1154 1124 1192 1155 et

97 1161 295 1198 verborum
321 1159 560 1200 latitudinem
578 1162 772 1201 imitatur:
802 1165 866 1202 sed
890 1172 1016 1204 tamen
1041 1167 1105 1206 ille
1122 1182 1191 1209 nec

96 1212 258 1263 deligere
281 1212 401 1262 scivit,
424 1215 531 1264 cujus
548 1216 785 1266 potissimum
805 1218 935 1257 similis
955 1228 1061 1269 esset,
1082 1229 1132 1270 et,
1151 1223 1191 1262 in

97 1279 142 1304 eo
164 1266 246 1318 ipso
271 1279 386 1318 quem
411 1267 610 1318 delegerat,
636 1269 776 1308 imitari
802 1271 913 1309 etiam
944 1272 1033 1311 vitia
1062 1276 1192 1315 voluit.

98 1319 180 1366 Qui
197 1326 326 1358 autem
342 1320 397 1358 ita
413 1320 536 1369 faciet,
557 1329 601 1359 ut
619 1330 776 1373 oportet,
796 1324 960 1374 primum
982 1326 1111 1376 vigilet
1129 1341 1193 1368 ne-

99 1384 198 1410 cesse
223 1380 277 1411 est
304 1372 345 1411 in
369 1373 589 1425 deligendo:
619 1374 767 1424 deinde,
794 1390 906 1427 quem
936 1380 1124 1430 probavit,
1153 1383 1193 1421 in

100 1437 144 1463 eo
168 1437 255 1476 quae
278 1425 445 1464 maxime
472 1428 666 1477 excellent,
696 1441 738 1467 ea
764 1429 1046 1481 diligentissime
1071 1447 1193 1485 perse-

101 1486 253 1529 quatur.

154 1530 262 1579 Quid
285 1531 386 1569 enim
405 1545 525 1571 causae
543 1534 696 1572 censetis
715 1547 805 1584 esse,
825 1549 891 1574 cur
908 1545 1034 1577 aetates
1051 1542 1195 1581 extule.

103 1584 178 1622 rint
189 1584 349 1634 ,singulae
362 1585 511 1636 singula
528 1599 644 1638 prope
657 1600 793 1638 genera
806 1589 953 1628 dicendi
967 1594 984 1629 ‚⁹
1004 1594 1106 1643 quod
1120 1607 1195 1634 non

102 1644 182 1675 tam
206 1636 315 1676 facile
342 1637 382 1675 in
412 1639 545 1677 nostris
573 1641 781 1680 oratoribus
804 1655 1004 1693 possumus
1028 1646 1198 1695 judicare

104 1689 212 1741 (quia
234 1690 384 1742 scripta,
411 1704 458 1730 ex
483 1692 621 1744 quibus
641 1694 827 1742 judicium
853 1697 933 1734 fieri
958 1707 1095 1748 posset,
1122 1713 1196 1740 non

105 1743 228 1781 multa
246 1756 334 1782 sane
351 1744 614 1796 reliquerunt),
640 1759 757 1798 quam
778 1747 818 1786 in
846 1749 1010 1797 Graecis3
1039 1765 1086 1791 ex
1105 1767 1200 1805 quo-

105 1809 192 1834 rum
217 1796 375 1848 scriptis,
402 1799 585 1850 cujusque
603 1800 720 1838 aetatis
743 1814 827 1852 quae
852 1803 999 1841 dicendi
1023 1806 1118 1845 ratio
1137 1821 1201 1846 vo-

104 1849 305 1900 luntasque
329 1850 456 1899 fuerit,
482 1851 642 1903 intelligi
665 1861 797 1904 potest.
838 1855 1108 1907 Antiquissimi
1126 1860 1204 1899 fere

104 1909 208 1950 sunt,
234 1915 398 1953 quorum
423 1904 577 1954 quidem
595 1905 732 1956 scripta
749 1916 930 1955 constent,
952 1910 1126 1960 Pericles,
1147 1922 1203 1951 at-

107 1967 182 2006 que
194 1955 426 2005 Alcibiades,
442 1964 479 1994 et
493 1957 625 1995 eadem
639 1966 747 1998 aetate
762 1960 1018 2012 Thucydides,
1034 1966 1203 2016 subtiles,

108 2008 223 2056 acuti,
248 2010 391 2058 breves,
417 2011 607 2049 sententiis
636 2012 758 2063 magis
788 2027 905 2065 quam
935 2016 1056 2054 verbis
1084 2020 1205 2057 abun-

109 2060 252 2099 dantes.
295 2062 386 2100 Non
411 2063 591 2113 potuisset
608 2065 785 2113 accidere,
812 2073 856 2104 ut
873 2079 994 2105 unum
1013 2078 1107 2108 esset
1124 2084 1205 2110 om.

112 2113 220 2150 nium
244 2127 378 2164 genus,
396 2115 469 2153 nisi
487 2116 655 2168 aliquem
681 2118 751 2156 sibi
775 2128 1023 2169 proponerent
1048 2123 1095 2160 ad
1119 2124 1205 2164 imi-

114 2165 285 2207 tandum.
329 2167 528 2209 Consecuti
554 2177 643 2209 sunt
666 2171 734 2210 hos
761 2172 910 2222 Critias,
938 2173 1205 2229 Theramenes,
