1407 2334
235 96 311 137 DE
339 98 630 148 ORATORE‚
660 100 758 140 Lm.
777 98 836 139 11.
864 99 968 140 CAP.
987 99 1051 144 71.
1113 99 1191 143 267

154 203 229 242 Sed
257 217 304 243 ex
333 205 391 246 his
416 207 592 246 omnibus
619 206 716 245 nihil
741 207 862 258 magis
888 206 1043 254 ridetur,
1072 216 1190 256 quam

100 256 204 307 quod
217 264 272 295 est
283 266 416 309 praeter
429 260 741 311 exspectationem
755 274 768 306 ς
784 261 891 309 cujus
904 257 1193 296 innumerabilia

99 316 190 348 sunt
206 312 393 362 exempla,
408 314 468 351 vel
480 313 602 364 Appii
614 313 766 362 majoris
779 314 894 359 illius,
910 313 977 363 qui
990 312 1029 349 in
1044 318 1190 358 senatu,

100 374 189 400 cum
206 373 376 414 ageretur
393 365 440 404 de
457 367 555 417 agris
573 367 746 417 publicis,
762 374 799 404 et
816 366 863 404 de
875 366 958 416 lege
975 363 1134 411 Thoria,
1154 369 1193 400 et

99 424 330 465 premeretur
353 418 526 457 Lucilius
543 421 591 457 ab
609 419 654 456 iis
673 419 740 470 qui
758 433 780 457 a
797 431 927 470 pecore
945 419 1026 468 ejus
1044 415 1192 467 depasci

99 479 207 517 agros
219 470 388 520 publicos
402 471 578 519 dicerent,
598 475 624 494 “
639 473 729 510 Non
745 473 840 520 est,'’
855 471 993 522 inquit,
1010 474 1037 494 “
1053 468 1194 508 Lucilii

98 532 212 570 pecus
235 522 355 561 illud:
387 525 514 563 erratis
527 526 566 562 :''
598 525 809 568 (defendere
829 525 1021 562 Lucilium
1041 523 1194 561 videba-

97 579 176 619 tur)
198 577 225 596 “
241 588 310 626 ego
326 577 487 615 liberum
507 585 600 628 puto
618 592 694 616 esse
709 592 718 615 ε
741 579 818 628 qua
835 578 953 623 lubet,
973 575 1179 628 pascitur.”

152 626 281 666 Placet
305 630 418 667 etiam
443 631 538 668 mihi
564 631 660 668 illud
685 631 867 682 Scipionis
892 630 1006 677 illius,
1033 629 1100 680 qui
1124 627 1189 665 Ti.

99 677 313 718 Gracchum
330 684 510 733 perculit:
533 696 620 721 cum
640 684 673 722 ei
692 684 752 721 M.
769 684 939 731 Flaccus,
958 682 1090 720 multis
1107 694 1194 732 pro-

98 732 175 770 bris
188 735 355 782 objectis,
376 736 421 773 P.
438 737 616 774 Mucium
631 737 797 785 judicem
815 737 972 784 tulisset,
994 738 1021 758 “
1036 734 1196 783 Ejero,'’

96 784 244 835 inquit:
267 790 294 809 “
309 788 462 839 iniquus
481 790 575 827 ἅμ”
619 790 718 827 Cum
737 798 831 828 esset
849 789 1192 834 admurmuratum,

98 839 127 859 “
140 838 208 876 Ah
219 839 260 876 !'’
278 840 415 891 inquit,
438 844 465 864 “
479 843 523 879 P.
539 842 582 880 C.
597 855 673 881 non
692 856 761 894 ego
778 842 874 881 mihi
891 842 1002 879 illum
1019 840 1195 891 iniquum

97 890 210 939 ejero,
231 905 361 930 verum
380 895 595 933 omnibus.’'

149 943 217 982 Ab
242 945 313 983 hoc
338 959 424 984 vero
446 947 579 986 Crasso
603 947 700 985 nihil
725 947 904 986 facetius:
936 959 1024 985 cum
1044 945 1198 983 laesisset

95 996 198 1034 testis
217 998 317 1036 Silus
336 999 527 1045 Pisonem,
548 1001 651 1051 quod
670 1013 708 1038 se
731 1001 771 1038 in
794 1013 882 1038 eum
908 999 1057 1037 audisse
1081 998 1197 1035 dixis-

96 1056 175 1094 set;
207 1053 235 1072 “
251 1051 381 1089 Potest
406 1052 529 1099 fieri,”
557 1053 694 1103 inquit,
726 1055 754 1075 “
775 1054 864 1099 Sile,
892 1060 937 1090 ut
963 1052 1008 1100 is,
1032 1051 1133 1088 unde
1160 1059 1198 1088 te

95 1102 244 1141 audisse
262 1103 366 1152 dicis,
381 1105 497 1143 iratus
511 1105 689 1144 dixerit.”
715 1106 869 1144 Annuit
883 1106 995 1144 Silus.
1027 1106 1054 1127 “
1068 1104 1198 1142 Potest

95 1154 224 1204 etiam,
243 1164 288 1194 ut
305 1164 347 1194 tu
365 1169 441 1196 non
459 1166 556 1197 recte
573 1159 838 1197 intellexeris.”
878 1159 926 1196 Id
951 1170 1101 1209 quoque
1119 1163 1199 1194 toto

96 1208 216 1258 capite
245 1210 391 1258 annuit,
421 1217 466 1248 ut
494 1225 532 1249 se
559 1211 692 1250 Crasso
716 1212 831 1249 daret.
879 1215 907 1235 “
928 1211 1056 1249 Potest
1085 1210 1198 1247 etiam

95 1259 220 1308 fieri,'’
248 1263 385 1314 inquit,
418 1265 446 1286 “
465 1272 509 1302 ut
537 1265 705 1311 omnino,
731 1265 834 1315 quod
858 1271 895 1302 te
919 1264 1067 1301 audisse
1092 1262 1198 1308 dicis,

95 1324 294 1364 nunquam
311 1316 511 1354 audieris.”
550 1317 637 1355 Hoc
660 1318 714 1354 ita
732 1326 866 1368 praeter
884 1315 1198 1367 exspectationem

95 1367 241 1414 accidit,
261 1376 304 1406 ut
321 1376 453 1406 testem
472 1369 645 1407 omnium
663 1370 759 1407 risus
777 1371 961 1407 obrueret.

150 1419 279 1468 Hujus
304 1422 448 1471 generis
474 1429 530 1460 est
550 1423 684 1472 plenus
704 1422 874 1469 Naevius,
895 1430 932 1460 et
946 1423 1051 1470 jocus
1071 1426 1126 1458 est
1143 1419 1200 1458 fa-

94 1471 264 1561 m'ffiaris,
287 1476 314 1496 ‘⁶
331 1475 501 1525 Sapiens,
521 1475 552 1512 si
571 1475 726 1525 algebis,
747 1476 922 1513 tremes.'’
950 1474 1005 1512 Et
1023 1473 1097 1511 alia
1113 1486 1199 1524 per-

97 1536 137 1561 m
182 1534 230 1562 ta.

147 1577 301 1616 LXXI.
332 1579 439 1630 Saepe
457 1578 570 1617 etiam
587 1579 704 1618 facete
722 1581 899 1618 concedas
927 1579 1135 1617 adversario
1159 1577 1200 1615 id

93 1629 233 1680 ipsum,
253 1632 356 1682 quod
375 1633 445 1670 tibi
461 1633 526 1670 ille
545 1633 730 1678 detrahit3
755 1641 798 1671 ut
817 1633 860 1671 C.
882 1633 1038 1679 Laelius,
1059 1644 1147 1669 cum
1165 1630 1200 1668 ei

93 1683 251 1733 quidam
278 1685 381 1723 malo
413 1698 547 1736 genere
575 1693 685 1724 natus
712 1686 861 1732 diceret,
893 1685 1093 1735 indignum
1122 1695 1200 1722 esse

93 1736 169 1773 suis
186 1738 405 1785 majoribus,
428 1741 456 1760 ‘⁶
472 1739 544 1786 At,
559 1738 752 1785 hercule,”
772 1739 909 1789 inquit,
932 1741 958 1760 “
972 1746 1013 1775 tu
1029 1738 1103 1774 tuis
1118 1736 1202 1786 dig·

90 1790 203 1826 nus.''
243 1790 351 1841 Saepe
369 1791 483 1829 etiam
503 1792 725 1830 sententiose
742 1791 901 1829 ridicula
926 1790 1129 1834 dicuntur;
1159 1796 1204 1825 ut

92 1840 153 1879 M.
174 1841 342 1889 Cincius,
370 1856 446 1894 quo
475 1843 537 1882 die
564 1844 688 1894 legem
717 1844 764 1882 de
788 1844 896 1881 donis
923 1851 960 1881 et
980 1842 1201 1880 muneribus

91 1894 194 1941 tulit,
214 1907 302 1932 cum
321 1895 367 1934 C.
389 1896 510 1934 Cento
527 1897 736 1947 prodiisset,
757 1903 794 1935 et
811 1897 899 1935 satis
918 1895 1198 1940 contumeliose,

93 1948 123 1969 “
143 1946 251 1994 Quid
277 1947 366 1995 fers,
398 1949 566 1987 Cinciole
579 1950 625 1987 ?''
663 1951 881 2001 quaesisset3
923 1951 950 1972 “
971 1948 1027 1986 Ut
1054 1945 1200 1993 emas,''

99 1999 236 2050 inquit,
256 2002 286 2023 “
300 2000 384 2049 cai,
405 2001 437 2040 si
454 2002 512 2040 uti
529 2002 662 2040 velis.”

154 2053 262 2103 Saepe
278 2053 392 2091 etiam
411 2055 519 2102 salse,
534 2067 620 2106 quae
635 2054 716 2093 fieri
729 2067 804 2093 non
819 2059 988 2105 possunt,
1003 2057 1202 2102 optantur-3

106 2111 150 2143 ut
168 2104 228 2142 M.
249 2105 429 2158 Lepidus,
448 2119 550 2157 curn,
566 2108 705 2147 caeteris
718 2108 758 2146 in
773 2107 920 2158 Campo
935 2103 1205 2151 exercentibus,
