1407 2324
222 64 300 105 DE
328 66 621 117 ORATORE,
642 68 740 106 Lm.
758 67 840 106 ΙΙΙ.
868 65 972 105 ΟΑΡ.
993 67 1057 104 53.
1113 66 1190 104 345

89 178 153 210 tur
170 173 284 212 armis
309 182 374 212 aut
398 175 585 226 palaestrii,
611 188 687 213 non
715 175 838 213 solum
865 174 935 213 sibi
961 173 1104 212 vitandi
1123 179 1190 210 aut

89 225 247 263 feriendi
265 227 447 265 rationem
475 242 551 266 esse
569 229 781 266 habendam
800 235 950 279 putant,
971 227 1035 264 sed
1061 226 1189 272 etiam,

90 286 134 316 ut
153 291 240 317 cum
259 289 452 319 venustate
469 289 692 320 moveantur
708 296 718 327 3
751 282 801 320 sic
821 282 940 319 verbis
967 280 1121 332 quidem
1141 279 1189 316 ad

89 338 219 382 aptam
245 335 553 384 compositionem
580 342 615 372 et
640 336 863 382 decentiam,
893 334 1084 373 sententiis
1104 345 1191 370 vcro

89 384 138 422 ad
156 386 376 436 gravitatem
395 388 585 436 orationis,
606 396 748 437 utatur,
772 387 836 437 [ut
855 388 894 436 ii,
921 387 988 439 qui
1006 387 1045 424 in
1065 398 1189 424 armo-

89 450 177 475 rum
196 441 414 479 tractatione
431 443 658 494 versantur]

144 492 373 531 Formantur
391 502 518 533 autem
538 503 574 533 et
593 497 719 542 verba,
740 501 776 532 et
795 494 986 532 sententiae
1004 505 1111 544 paene
1132 492 1192 529 in-

89 547 356 594 numerabiles,
377 548 479 598 quod
502 549 590 586 satis
618 549 692 586 scio
710 555 843 585 notum
865 561 941 585 esse
967 547 1095 585 vobis:
1126 545 1189 583 sed

89 597 187 636 inter
205 600 539 639 conformationem
559 604 758 639 verborum
778 609 814 639 et
833 601 1100 639 sententiarum
1120 599 1192 637 hoc

88 650 256 699 interest,
277 654 379 704 quod
398 656 597 692 verborum
624 655 782 702 tollitur,
806 655 837 692 si
862 656 976 692 verba
1000 652 1188 697 mutarim

90 707 360 744 sententiarum
396 716 604 758 permanet,
643 709 945 759 quibuscumque
976 707 1097 744 verbis
1134 706 1191 742 uti

90 758 193 796 velis.
223 759 340 806 Quod
358 761 512 811 quidem
528 775 592 800 vos
611 763 677 799 etsi
692 762 826 808 facitis,
843 769 968 798 tamen
983 760 1191 797 admonen-

91 810 159 848 dos
185 821 291 862 puto,
319 826 366 851 ne
392 815 485 865 quid
511 828 588 853 esse
613 815 716 852 aliud
735 815 889 852 oratoris
915 813 1068 865 putetis,
1089 812 1192 863 quod.

91 865 247 915 quidem
266 867 313 904 sit
331 868 522 918 egregium
543 876 656 919 atque
673 868 859 915 mirabile,
880 867 952 905 nisi
970 867 1009 903 in
1029 866 1188 916 singulis

91 919 214 958 verbis
239 919 306 956 illa
324 921 396 958 tria
414 927 552 968 tenere,
573 928 616 958 ut
635 922 822 959 translatis
843 928 997 958 utamur
1013 919 1191 970 frequen-

90 977 160 1019 ter,
180 972 447 1024 interdumque
465 974 584 1022 factis,
604 987 687 1012 raro
712 982 840 1012 autem
866 975 979 1011 etiam
997 979 1189 1023 pervetus-

88 1024 147 1061 tis.
178 1025 227 1062 In
245 1027 428 1077 perpetua
445 1035 571 1066 autem
590 1027 770 1076 oratione,
796 1040 883 1065 cum
903 1034 939 1064 et
958 1026 1189 1074 conjunctio-

88 1077 148 1115 nis
172 1078 381 1128 lenitatem,
402 1087 438 1118 et
461 1093 721 1129 numerorum,
746 1094 863 1132 quam
889 1080 983 1128 dixi,
1004 1079 1188 1116 rationem

87 1132 332 1180 tenuerimus,
351 1141 436 1171 tum
455 1141 510 1172 est
523 1135 631 1185 quasi
644 1135 854 1172 luminibus
869 1132 1133 1184 distinguenda
1152 1139 1188 1169 et

85 1183 360 1236 frequentanda
383 1187 506 1226 omnis
527 1188 659 1237 oratio,
686 1188 956 1227 sententiarum
975 1194 1089 1238 atque
1108 1198 1189 1223 ver-

82 1237 230 1277 borum.

136 1291 257 1330 LIII.
283 1293 387 1332 Nam
410 1301 447 1332 et
464 1295 708 1332 commoratio
726 1294 805 1332 una
823 1294 864 1332 in
887 1307 926 1332 re
950 1293 1186 1345 permultum

82 1353 223 1393 movet,
250 1353 287 1384 et
310 1347 465 1385 illustris
491 1349 720 1398 explanatio,
746 1360 963 1398 rerumque,
990 1346 1098 1398 quasi
1123 1358 1188 1396 ge-

82 1405 228 1446 rantur,
255 1401 325 1437 sub
353 1401 571 1450 adspectum
599 1414 706 1452 paene
733 1401 939 1449 subjectio;
974 1413 1059 1450 quae
1085 1406 1121 1437 et
1147 1399 1187 1436 in

82 1452 307 1502 exponenda
324 1466 364 1490 re
376 1454 588 1504 plurimum
608 1455 720 1500 valet,
741 1461 777 1492 et
796 1454 843 1491 ad
861 1453 1127 1491 illustrandum
1148 1452 1188 1489 id

82 1504 186 1555 quod
213 1507 427 1556 exponitur,
455 1514 492 1544 et
516 1507 564 1544 ad
591 1507 927 1558 amplificandum;
962 1513 1004 1543 ut
1031 1506 1089 1553 iis,
1120 1505 1187 1556 qui

81 1557 250 1606 audient,
284 1559 393 1608 illud,
425 1561 528 1611 quod
557 1561 794 1611 augebimus,
826 1567 1012 1612 quantum
1044 1559 1187 1597 efficere

81 1611 200 1649 oratio
228 1613 377 1662 poterit,
409 1621 559 1651 tantum
590 1627 667 1652 esse
693 1614 887 1652 videatur:
923 1621 959 1651 et
985 1613 1074 1650 huic
1099 1625 1187 1650 con-

81 1664 195 1702 traria
213 1678 310 1717 saepe
331 1667 520 1717 percursio
545 1674 614 1714 est,
635 1674 672 1704 et
695 1667 782 1718 plus
808 1667 856 1704 ad
880 1665 1185 1717 intelligendum,

83 1730 199 1768 quam
225 1719 377 1767 dixeris,
403 1719 638 1770 significatio,
671 1727 707 1758 et
735 1720 907 1758 distincte
931 1720 1078 1758 concisa
1103 1721 1187 1756 bre-

80 1770 189 1819 vitas,
211 1779 247 1810 et
266 1774 495 1821 extenuatio,
516 1781 553 1811 et
570 1774 659 1811 huic
678 1773 857 1822 adjuncta
878 1773 1017 1820 illusio,
1045 1786 1067 1810 a
1091 1785 1187 1823 prae-

80 1824 196 1874 ceptis
226 1825 383 1864 Caesaris
412 1839 487 1864 non
516 1827 745 1865 abhorrens:
781 1834 816 1865 et
845 1829 892 1865 ab
920 1840 959 1864 re
988 1827 1101 1875 longa
1128 1825 1187 1862 di-

78 1878 241 1926 gressi0;
276 1879 315 1916 in
343 1880 420 1931 qua
445 1893 532 1917 cum
558 1880 673 1917 fuerit
702 1880 911 1924 delectatio,
939 1887 1021 1916 tum
1045 1878 1187 1916 reditus

78 1929 128 1967 ad
145 1943 226 1968 rem
244 1939 354 1983 aptus
380 1940 417 1970 et
442 1933 646 1971 concinnus
664 1946 742 1971 esse
759 1933 933 1972 debebit:
963 1931 1186 1983 propositio-

76 1995 165 2033 que,
195 1985 288 2036 quid
315 1986 364 2024 sis
391 1986 573 2035 dicturus,
601 1993 638 2024 et
663 1989 711 2025 ab
737 1999 795 2036 eo,
823 1986 926 2038 quod
948 1992 1002 2023 est
1024 1985 1184 2032 dictum,

74 2036 270 2087 sejunctio,
303 2046 340 2077 et
369 2039 511 2078 reditus
542 2040 590 2078 ad
619 2041 869 2091 propositum,
897 2046 933 2076 et
959 2037 1120 2085 iteratio,
1147 2044 1185 2074 et

73 2089 227 2128 rationis
256 2098 345 2143 apta
374 2093 588 2131 conclusio:
622 2100 721 2141 tum,
751 2092 915 2143 augendi
940 2090 1185 2128 minuendive

76 2142 204 2193 causa,
224 2145 389 2185 veritatis
408 2146 612 2198 superlatio
630 2153 745 2197 atque
763 2145 951 2195 trajectio:
976 2151 1013 2183 et
1026 2144 1184 2195 rogatio,
