1429 2344
179 85 258 125 386
277 85 354 125 DE
375 86 580 126 CLARIS
600 87 989 136 ORATORIBUS‚
1010 88 1114 127 cst.
1134 89 1199 126 32.

180 205 249 231 nec
267 194 346 232 sine
361 193 405 233 ea
419 202 542 233 orator
556 207 634 234 esse
647 195 846 246 perfectus.
876 196 996 241 Nam,
1015 203 1060 234 ut
1074 196 1286 234 Stoicorum

179 246 388 285 adstrictior
406 256 460 286 est
478 249 609 296 oratio,
630 249 899 300 aliquantoque
917 249 1150 296 contractior,
1170 261 1287 300 quam

181 313 288 338 aures
307 302 440 352 populi
455 302 677 353 requirunt3
708 303 759 340 sic
772 303 926 340 illorum
940 303 1091 340 liberior
1109 310 1146 340 et
1161 302 1287 349 latior,

172 367 298 404 ‘quam
324 355 467 404 patitur
492 356 722 407 consuetudo
744 356 975 405 judiciorum
1001 363 1038 393 et
1062 355 1146 394 fori.
1188 355 1288 402 Quis

183 407 285 444 enim
299 408 450 446 uberior
463 409 503 445 in
518 409 674 447 dicendo
691 410 851 448 Platone
866 412 883 447 Ρ
912 409 940 447 J
943 422 1066 455 ovem,
1082 408 1189 446 aiunt
1202 408 1289 458 phi-

181 460 343 511 losophi,
371 462 401 499 si
422 462 552 500 Graece
569 463 762 514 loquatur,
789 464 841 501 sic
858 462 975 513 loqui.
1022 462 1122 510 Quis
1139 462 1290 499 Aristo-

181 514 255 551 tele
287 515 490 562 nervosior,
526 516 791 567 Theophrasto
824 516 999 554 dulcior?
1048 514 1291 553 Lectitavisse

183 566 383 606 Platonem
417 570 594 615 studiose,
629 570 814 608 audivisse
848 570 976 616 etiam,
1010 568 1287 606 Demosthenes

183 620 344 659 dicitur:
374 622 490 673 idque
510 631 666 674 apparet
685 637 731 661 ex
757 636 891 674 genere
919 630 955 661 et
979 622 1189 673 granditate
1207 634 1291 660 ver-

183 675 345 712 borum:
377 675 467 713 dicit
492 677 605 714 etiam
630 677 671 714 in
697 677 864 728 quadam
884 676 1041 727 epistola
1058 676 1130 713 hoc
1147 675 1226 725 ipse
1245 674 1293 713 de

184 740 273 765 sese.
304 729 378 766 Sed
398 736 434 767 et
452 730 566 778 hujus
586 730 717 777 oratio,
744 731 784 768 in
803 729 1082 781 philosophiam
1097 728 1291 774 translata,

183 782 391 831 pugnacior
411 786 471 825 (ut
487 783 541 821 ita
559 784 700 831 dicam)
720 784 881 830 videtur,
903 790 939 821 et
957 783 1110 820 illorum
1128 782 1168 819 in
1189 780 1293 830 judi-

185 846 256 880 cla,
276 836 454 885 pacatior.

237 887 424 926 XXXII.
466 889 584 927 Nunc
608 889 842 941 reliquorum
873 896 1063 927 oratorum
1091 895 1232 935 aetates,
1261 887 1294 925 si

185 941 321 990 placet,
342 950 378 979 et
403 943 541 992 gradus
566 956 848 994 persequamur.
889 943 1012 981 Nobis
1038 955 1138 989 vero,
1168 941 1295 992 inquit

185 994 353 1041 Atticus,
375 1003 412 1033 et
430 996 669 1034 vehementer
688 996 857 1047 quidem,
884 1003 928 1033 ut
951 1009 1019 1047 pro
1038 997 1160 1034 Bruto
1180 995 1294 1033 etiam

186 1048 445 1098 respondeam.
489 1049 605 1087 Curio
630 1050 705 1087 fuit
729 1050 844 1100 igitur
870 1050 1038 1098 ejusdem
1065 1049 1183 1086 aetatis
1202 1048 1293 1095 fere,

187 1113 276 1139 sane
294 1101 449 1140 illustris
468 1110 604 1149 orator,
625 1104 732 1152 cujus
751 1103 798 1141 de
815 1103 966 1153 ingenio
989 1116 1036 1140 ex
1063 1101 1295 1140 orationibus

188 1155 269 1202 ejus
289 1155 494 1193 existimari
508 1164 640 1206 potest.
672 1158 769 1194 Sunt
789 1156 890 1194 enim
905 1163 942 1193 et
956 1156 1052 1202 aliae,
1069 1162 1118 1202 et,
1134 1168 1202 1206 pro
1215 1155 1295 1193 Ser.

189 1207 326 1245 Fulvio
345 1208 391 1246 de
409 1209 566 1256 incestu,
588 1210 723 1247 nobilis
742 1209 870 1248 oratio.
901 1210 1024 1247 Nobis
1036 1208 1189 1260 quidem
1201 1221 1296 1259 pue-

188 1260 252 1308 ris,
273 1262 447 1300 omnium
466 1263 610 1314 optima
623 1265 843 1314 putabatur,
860 1276 945 1314 quae
963 1263 1028 1300 vix
1044 1263 1126 1311 jam
1144 1274 1296 1312 compa-

188 1322 246 1351 ret
274 1314 314 1351 in
347 1315 418 1353 hac
447 1317 560 1354 turba
588 1329 773 1355 novorum
801 1316 1052 1354 voluminum.
1096 1315 1296 1361 Praeclare,

188 1367 315 1418 inquit
333 1369 493 1417 Brutus,
522 1377 643 1417 teneo,
672 1370 738 1421 qui
755 1370 866 1408 istam
886 1371 1037 1407 turbam
1056 1369 1296 1407 voluminum

191 1421 363 1459 effecerit.
406 1423 460 1460 Et
490 1437 572 1474 ego,
603 1424 775 1474 inquam,
804 1424 988 1474 intelligo,
1018 1424 1152 1470 Brute,
1182 1434 1297 1473 quem

191 1474 304 1512 dicas.
354 1475 464 1513 Certe
490 1478 592 1515 enim
618 1484 655 1515 et
678 1478 769 1515 boni
787 1477 931 1528 aliquid
950 1476 1146 1514 attulimus
1161 1476 1298 1525 juven-

190 1528 277 1574 tuti,
305 1530 622 1579 magnificentius,
651 1544 767 1581 quam
785 1530 921 1577 fuerat,
942 1543 1061 1580 genus
1079 1528 1240 1576 dicendi,
1262 1535 1300 1566 et

190 1581 382 1619 ornatius:
421 1590 457 1621 et
488 1584 686 1622 nocuimus
715 1585 883 1631 fortasse,
915 1584 1020 1634 quod
1045 1589 1186 1621 veteres
1213 1595 1297 1620 ora-

191 1633 325 1682 tiones,
352 1643 437 1686 post
462 1645 620 1683 nostras,
640 1650 716 1675 non
742 1651 765 1675 a
788 1650 851 1674 me
876 1637 1030 1688 quidem
1058 1636 1168 1679 (meis
1196 1635 1299 1673 enim

191 1687 276 1724 illas
306 1696 524 1740 antepono),
556 1691 620 1728 sed
649 1704 672 1728 a
701 1691 904 1742 plerisque,
934 1690 1010 1740 legi
1040 1696 1129 1727 sunt
1159 1688 1298 1726 desitae.

192 1739 404 1789 Enumera,
425 1743 563 1794 inquit,
576 1757 639 1781 me
657 1745 696 1782 in
711 1745 924 1795 plerisque:
946 1755 1181 1795 quamquam
1192 1742 1301 1780 video

192 1793 290 1831 mihi
308 1797 431 1833 multa
448 1797 620 1847 legenda,
638 1799 720 1847 jam
738 1805 775 1836 te
793 1804 955 1845 auctore,
976 1810 1062 1848 quae
1079 1802 1190 1834 antea
1210 1807 1300 1834 con-

194 1850 423 1887 temnebam.

260 1901 388 1953 Atqui
415 1903 510 1951 haec,
542 1903 714 1955 inquam,
749 1904 796 1942 de
823 1904 967 1942 incestu
998 1903 1153 1942 laudata
1181 1901 1300 1940 oratio

193 1955 349 2005 puerilis
368 1963 423 1994 est
439 1957 529 1995 locis
547 1958 703 1996 multis:
733 1958 780 1998 de
798 1970 938 2006 amore,
958 1958 1005 1996 de
1023 1956 1233 2002 tormentis,
1254 1955 1302 1993 de

194 2020 360 2057 rumore,
394 2009 468 2048 loci
498 2023 587 2049 sane
618 2011 748 2049 inanes
764 2025 776 2057 ς
819 2018 1094 2059 verumtamen,
1128 2008 1300 2047 nondum

194 2061 291 2099 tritis
309 2070 523 2102 nostrorum
542 2065 744 2103 hominum
769 2065 938 2112 auribus,
957 2077 1027 2102 nec
1045 2062 1194 2102 erudita
1212 2061 1302 2100 civi-

195 2120 285 2163 tate,
305 2117 526 2158 tolerabiles.
558 2118 713 2171 Scripsit
727 2118 841 2159 etiam
855 2119 930 2158 alia
940 2118 1138 2167 nonnulla,
1154 2122 1192 2158 et
1199 2115 1303 2158 mul-
