1429 2344
190 63 270 103 358
299 61 377 102 DE
398 62 604 118 CLARIS
625 62 1017 112 ORATORIBUS,
1035 61 1141 101 CAP.
1159 63 1197 101 4.

197 172 362 219 Recte,
351 185 526 224 inquam,
548 179 603 210 est
621 172 748 210 visus.
778 185 869 210 nam
883 184 946 210 me
965 171 1045 209 istis
1065 170 1157 209 scito
1175 167 1310 215 literis,

197 238 246 264 ex
271 225 454 263 diuturna
483 226 765 278 perturbatione
794 226 910 264 totius
941 224 1183 271 valetudinis,
1215 231 1314 261 tam-

198 292 318 330 quam
337 280 386 317 ad
405 280 687 331 adspiciendam
711 281 852 328 lucem,
874 293 951 318 esse
977 286 1207 317 revocatum.
1236 276 1313 313 At-

199 346 275 383 que
294 339 350 381 ut,
371 340 456 384 post
471 335 711 371 Cannensem
731 333 837 370 illam
857 333 1126 378 calamitatem,
1141 330 1313 382 p1imum

198 361 379 423 Marceili
414 387 463 424 ad
494 387 638 424 Nolam
675 386 807 436 proelio
843 386 1008 437 populus
1045 398 1084 423 se
1113 385 1315 422 Romanus

200 440 333 487 erexit,
353 447 559 501 posteaque
577 452 766 491 prosperae
790 453 848 477 res
866 439 1042 490 deinceps
1067 439 1200 475 multae
1225 449 1315 475 con-

199 500 337 531 secutae
356 502 469 539 sunt3
499 494 565 541 510,
585 501 671 544 post
689 506 816 531 rerum
836 501 1052 531 nostrarum
1077 499 1115 529 et
1139 504 1312 529 commu-

199 547 310 584 nium
335 547 576 598 gravissimos
603 560 724 595 casus,
745 547 842 584 nihil
867 553 955 584 ante
981 545 1181 597 epistolam
1199 543 1314 583 Bruti

199 600 296 638 mihi
315 600 462 649 accidit,
484 601 588 652 quod
607 601 760 649 vellem,
782 608 849 639 aut
867 600 971 653 quod
990 599 1121 651 aliqua
1139 611 1187 637 ex
1205 605 1314 650 parte

202 654 474 693 sollicitudines
493 655 672 692 allevaret
689 667 806 693 meas.

256 708 365 746 Tum
389 709 551 755 Brutus,
575 708 696 746 Volui
714 709 755 745 id
780 708 940 760 quidem
959 707 1102 746 efficere
1122 712 1249 751 certe;
1279 711 1317 743 et

203 762 312 814 capio
323 775 510 813 magnum
528 762 712 810 fructum,
727 762 758 799 si
770 762 942 814 quidem,
957 761 1061 823 quod
1075 760 1193 807 volui,
1210 759 1318 797 tanta

200 816 242 854 in
261 830 302 854 re
321 824 542 854 consecutus
561 829 659 854 sum.
690 816 766 854 Sed
785 816 876 854 scire
895 816 1021 867 cupio,
1038 828 1125 866 quae
1144 821 1180 852 te
1194 813 1318 851 Attici

202 870 321 908 literae
340 870 621 909 delectaverint.
662 870 753 907 Istae
771 883 873 919 vero,
893 869 1068 921 inquam,
1089 869 1226 915 Brute,
1239 879 1317 905 non

203 924 319 962 modo
338 924 625 963 delectationem
644 924 756 972 1111111,
776 924 841 962 sed
860 923 990 972 etiam,
1010 929 1055 961 ut
1073 935 1196 973 spero,
1217 921 1318 959 salu-

203 985 296 1025 tem,
313 979 534 1016 attulerunt.
564 979 766 1016 Salutem?
786 978 912 1029 inquit
930 978 1008 1025 ille,
1025 976 1220 1028 quodnam
1235 982 1319 1013 tan-

202 1031 292 1069 dem
311 1044 430 1081 genus
447 1033 545 1069 istuc
559 1038 639 1069 tam
657 1033 883 1083 praeclarum
900 1031 1096 1069 literarum
1115 1030 1221 1067 fuit?
1249 1029 1318 1066 An

204 1085 303 1123 mihi
320 1086 458 1136 potuit,
479 1086 653 1137 inquam,
675 1099 753 1123 esse
771 1093 838 1124 aut
863 1085 1004 1136 gratior
1029 1085 1110 1121 ulla
1128 1082 1319 1130 salutatio,

205 1147 273 1176 aut
292 1140 340 1176 ad
358 1139 429 1177 hoc
448 1147 599 1190 tempus
619 1139 755 1201 aptior,
776 1152 894 1191 quam
913 1139 1016 1176 illius
1035 1137 1138 1185 libri,
1160 1150 1236 1188 quo
1255 1149 1319 1174 me

204 1192 268 1230 hic
300 1193 451 1241 affatus,
486 1193 596 1245 quasi
622 1195 812 1243 jacentem
845 1192 1053 1231 excitavit?
1097 1191 1205 1229 Tum
1238 1190 1318 1238 ille,

205 1246 360 1298 Nempe
388 1260 476 1284 eum
505 1247 611 1295 dicis,
638 1247 778 1299 inquit,
809 1260 886 1298 quo
914 1247 983 1284 iste
1011 1257 1165 1283 omnem
1192 1257 1321 1282 rerum

203 1301 430 1338 memoriam
448 1301 625 1349 breviter,
647 1308 697 1349 et,
717 1308 762 1338 ut
785 1300 884 1337 mihi
909 1299 1065 1361 quidem
1091 1299 1217 1337 visum
1248 1305 1318 1346 est,

204 1355 474 1405 perdiligenter
493 1356 715 1406 complexus
727 1361 781 1393 est
795 1356 812 1392 Ρ
843 1354 993 1392 Istum
983 1366 1126 1405 lpsum,
1142 1352 1319 1404 inquam,

206 1409 344 1456 Brute,
365 1409 449 1447 dico
466 1409 610 1447 librum
629 1409 727 1446 mihi
746 1408 860 1446 saluti
877 1408 1005 1446 fuisse.

259 1463 336 1501 IV.
366 1463 474 1500 Tum
500 1463 672 1511 Atticus,
706 1462 1004 1513 Optatissimum
1033 1460 1131 1499 mihi
1161 1459 1320 1512 quidem

207 1524 276 1565 est,
298 1517 402 1568 quod
420 1517 536 1555 dicis:
568 1516 633 1555 sed
658 1516 752 1568 quid
771 1515 927 1554 tandem
950 1516 1087 1554 habuit
1111 1515 1208 1553 liber
1232 1514 1317 1561 iste,

208 1570 313 1622 quod
338 1571 408 1608 tibi
432 1578 499 1609 aut
524 1583 682 1618 novum,
711 1577 777 1608 aut
803 1577 909 1607 tanto
935 1570 1035 1617 usui,
1055 1575 1180 1620 posset
1206 1581 1310 1606 esse.
1301 1570 1319 1596 9

207 1624 284 1662 Ille
310 1638 398 1662 vero
425 1631 462 1662 et
486 1637 560 1662 nov
562 1637 598 1672 a,
625 1623 800 1676 inquam,
819 1623 918 1662 mihi
943 1623 1099 1674 quidem
1124 1622 1262 1668 multa,
1283 1628 1321 1659 et

207 1691 293 1716 eam
311 1678 516 1716 utilitatem
541 1691 660 1729 quam
684 1679 939 1738 requirebam,
960 1684 1017 1726 ut,
1039 1675 1234 1727 explicatis
1259 1688 1320 1713 01·-

206 1732 360 1770 dinibus
374 1738 605 1782 temporum,
619 1744 696 1769 uno
711 1731 751 1769 in
765 1737 964 1782 conspectu
985 1731 1115 1768 omnia
1128 1729 1319 1768 viderem:

205 1800 294 1837 quae
312 1799 401 1823 cum
419 1785 584 1822 studiose
602 1792 761 1823 tractare
782 1785 989 1836 coepissem,
1008 1784 1091 1835 ipsa
1108 1783 1205 1821 mihi
1223 1789 1322 1820 trac-

207 1840 300 1878 tatio
316 1840 514 1877 literarum
533 1838 707 1876 salutaris
726 1838 821 1883 fuit3
846 1838 1134 1888 admonuitque,
1152 1837 1320 1887 Pompo-

206 1895 262 1943 ni,
283 1900 327 1931 ut
345 1906 368 1930 a
387 1900 424 1930 te
442 1892 524 1943 ipso
543 1904 732 1929 sumerem
731 1891 893 1952 'aliquid
913 1891 961 1929 ad
979 1904 1042 1929 me
1057 1890 1318 1939 reficiendum,

205 1955 319 2000 teque
344 1946 681 1994 remunerandum,
711 1945 742 1983 si
769 1957 846 1983 non
873 1945 970 1996 pari,
991 1952 1030 1982 at
1055 1951 1163 1996 grato
1190 1951 1320 1982 tamen

206 2014 388 2041 munere:
419 2011 656 2052 quamquam
692 1998 791 2036 illud
824 1999 1053 2037 Hesiodium
1084 1998 1264 2036 laudatur
1296 2011 1319 2036 a

205 2057 339 2117 (100115,
359 2054 463 2106 quod
481 2053 614 2093 eadem
633 2053 814 2091 mensura
839 2052 994 2091 reddere
1015 2053 1138 2101 jubet,
1160 2065 1239 2104 qua
1257 2064 1320 2090 ac-

201 2110 356 2162 ceperis,
377 2115 444 2147 aut
462 2108 577 2147 etiam
593 2107 855 2154 cumulatiore,
873 2107 903 2145 si
922 2106 1052 2157 possis.
1082 2106 1169 2157 Ego
1188 2112 1319 2143 autem

197 2166 432 2206 voluntatem
467 2161 536 2200 tibi
566 2161 733 2212 profecto
766 2160 946 2199 emetiar:
987 2160 1051 2199 sed
1080 2172 1160 2199 rem
1190 2159 1314 2210 ipsam
