1407 2308
185 91 262 132 DE
291 91 674 142 INVENTIONE,
704 92 801 132 [1113.
818 91 876 132 ΙΙ.
905 91 1008 132 CAP.
1029 91 1089 130 15.
1137 92 1188 136 75

93 198 236 260 aliquid
262 199 411 248 dixerit,
439 206 477 238 et
503 201 583 249 ejus
607 200 708 252 qui
698 213 737 238 in
763 199 987 247 testimonio,
1013 204 1050 236 et
1072 197 1191 249 ipsius

95 252 254 290 rumoris
283 265 394 290 causa
422 260 458 291 et
482 253 628 301 veritas,
655 266 702 290 ex
728 253 860 292 iisdem
887 251 1192 290 attributionibus

93 305 305 355 reperietur.
335 305 455 345 Omni
468 313 594 344 autem
608 307 648 344 in
662 319 774 344 causa
786 319 872 358 pars
882 311 1191 369 argumentorum

93 365 148 395 est
165 358 342 407 adjuncta
359 359 393 396 ei
411 372 530 397 causae
548 359 685 420 solum,
705 372 790 410 quae
812 359 968 406 dicetur,
988 365 1025 395 et
1042 357 1117 395 ab
1107 370 1190 408 1psa

92 410 146 448 ita
164 411 290 459 ducta,
311 418 354 449 ut
371 413 418 450 ab
437 412 481 450 ea
499 413 697 463 separatim
722 413 762 449 in
786 424 915 449 omnes
939 410 1107 460 ejusdem
1125 423 1191 460 ge-

93 463 190 501 neris
221 477 350 502 causas
380 465 570 503 transferri
601 478 676 503 non
707 465 794 503 satis
823 464 1017 503 commode
1046 463 1162 514 possit
1177 477 1190 500 t

92 529 177 566 pars
196 524 322 555 autem
342 524 396 555 est
413 519 658 568 pervagatior,
680 525 716 556 et
731 526 797 556 aut
817 518 856 555 in
875 530 1004 555 omnes
1022 516 1191 566 ejusdem

89 570 248 620 generis,
268 578 335 608 aut
351 571 391 608 in
409 572 605 622 plerasque
623 585 763 619 causas,
783 570 1072 609 accommodata.

144 623 238 661 XV.
264 623 359 661 Haec
378 637 465 674 ergo
483 632 717 674 argumenta,
733 638 818 675 quae
832 623 1020 662 transferri
1033 623 1073 660 in
1086 622 1188 660 mul-

91 682 146 712 tas
179 689 306 715 causas
337 684 506 727 possunt,
538 678 637 716 locos
668 690 886 715 communes
917 676 1184 714 nominamus:

91 741 179 766 nam
207 730 309 767 locus
334 730 543 768 communis
567 738 633 768 aut
657 738 765 769 certae
789 731 842 768 rei
869 729 1074 782 quamdam
1100 741 1188 766 con-

91 782 184 819 tinet
203 783 555 843 amplificationem3
580 790 624 821 ut
641 784 672 821 si
690 784 773 835 quis
791 784 862 821 hoc
880 783 969 820 velit
982 781 1186 829 ostendere,

90 847 192 883 eum,
217 836 283 886 qui
306 844 500 886 parentem
526 836 679 885 necarit,
709 837 877 874 maximo
904 835 1086 886 supplicio
1111 848 1189 873 esse

90 887 275 937 dignum;
305 901 381 939 quo
405 889 500 936 loco,
524 889 596 926 nisi
621 889 791 938 perorata
815 896 853 927 et
878 888 1036 939 probata
1060 901 1186 935 causa,

89 953 164 978 non
179 948 233 978 est
250 941 459 978 utendum:
486 948 553 978 aut
570 941 708 989 dubiae,
725 954 810 991 quae
829 954 876 979 ex
894 941 1076 978 contrario
1094 953 1190 991 quo-

89 1007 164 1044 que
194 994 330 1031 habeat
360 994 570 1044 probabiles
601 995 761 1032 rationes
788 994 1103 1044 argumentandi·
1092 1022 1104 1039 ,
1144 1000 1188 1031 ut

89 1047 360 1097 suspicionibus
378 1047 477 1084 credi
494 1053 674 1098 oportere,
695 1054 732 1085 et
754 1055 895 1096 contra,
915 1046 1188 1098 suspicionibus

89 1100 188 1137 credi
215 1112 291 1138 non
317 1107 496 1150 oportere.
537 1100 600 1138 Ac
623 1114 709 1152 pars
733 1101 901 1138 locorum
925 1099 1187 1138 communium

87 1166 154 1203 per
170 1153 466 1204 indignationem
484 1160 550 1191 aut
566 1166 633 1204 per
655 1153 958 1204 conquestionem
982 1152 1187 1201 inducitur,

87 1206 134 1243 de
153 1206 290 1256 quibus
307 1213 394 1244 ante
412 1206 554 1244 dictum
573 1213 651 1251 est3
680 1220 766 1257 pars
783 1219 850 1258 per
867 1206 1035 1257 aliquam
1052 1207 1188 1257 proba-

88 1259 203 1296 bilem
216 1259 376 1310 utraque
390 1272 436 1297 ex
450 1266 555 1310 parte
569 1259 761 1297 rationem.
791 1259 1048 1309 Distinguitur
1061 1265 1189 1296 autem

87 1312 219 1360 oratio,
239 1319 352 1363 atque
369 1313 576 1350 illustratur
593 1312 773 1361 maxime,
793 1325 876 1350 raro
894 1312 1113 1349 inducendis
1133 1312 1190 1348 10-

88 1364 140 1402 cis
159 1365 436 1412 communibus,
457 1372 493 1403 et
518 1365 644 1416 aliquo
665 1366 761 1414 loco,
782 1367 864 1414 jam
882 1365 1097 1402 certioribus
1115 1364 1190 1402 illis

91 1415 357 1465 [auditoribus,
386 1419 442 1468 et]
473 1418 703 1468 argumentis
734 1418 972 1456 confirmatis.
1014 1418 1119 1455 Nam
1152 1423 1189 1454 et

89 1477 174 1507 tum
193 1471 404 1508 conceditur
423 1483 623 1508 cormnune
641 1471 823 1522 quiddam
843 1471 975 1520 dicere,
995 1483 1084 1508 curn
1101 1470 1188 1507 dili-

89 1529 219 1573 genter
237 1524 372 1574 aliquis
393 1523 564 1575 proprius
589 1536 710 1561 causae
733 1524 836 1562 locus
862 1530 1037 1561 tractatus
1062 1530 1129 1570 est,
1150 1529 1188 1561 et

89 1576 266 1613 auditoris
294 1577 442 1614 animus
469 1583 536 1614 aut
562 1584 760 1615 renovatur
784 1577 833 1614 ad
857 1589 900 1614 ea
924 1589 1010 1627 quae
1033 1583 1187 1624 restant,

88 1636 155 1665 aut
182 1629 357 1667 omnibus
381 1631 462 1678 jam
488 1629 594 1667 dictis
619 1630 873 1668 exsuscitatur.
916 1629 1060 1668 Omnia
1087 1629 1188 1667 enim

87 1690 308 1720 ornamenta
326 1683 554 1731 elocutionis,
574 1683 613 1719 in
633 1683 770 1734 quibus
789 1690 825 1720 et
844 1682 1033 1720 suavitatis
1052 1689 1088 1720 et
1101 1695 1188 1732 gra-

89 1734 211 1772 vitatis
236 1736 445 1785 plurimum
471 1735 648 1785 consistit,
678 1744 715 1773 et
739 1736 867 1773 omnia
890 1749 975 1786 quae
997 1735 1037 1772 in
1056 1736 1187 1773 inven-

89 1787 189 1825 tione
207 1790 406 1826 verborum
425 1796 461 1826 et
475 1789 740 1826 sententiarum
754 1789 898 1839 aliquid
911 1789 1051 1826 habent
1065 1787 1187 1839 digni-

89 1840 189 1887 tatis,
208 1840 248 1877 in
268 1854 484 1879 communes
508 1842 607 1879 locos
632 1841 883 1879 conferuntur.
925 1842 1068 1889 Quare,
1094 1853 1185 1888 non,

89 1900 133 1930 ut
151 1906 362 1941 causarum,
383 1895 434 1932 sic
459 1902 648 1931 oratorum
674 1907 823 1945 quoque
840 1894 1063 1942 multorum,
1084 1906 1185 1931 com-

90 1958 224 1984 munes
241 1947 313 1984 loci
331 1955 440 1985 sunt:
470 1960 560 1984 nam
579 1947 650 1984 nisi
672 1949 719 1985 ab
744 1947 803 1995 iis,
823 1947 890 1998 qui
907 1947 1030 1984 multa
1048 1946 1188 1984 exerci-

90 1999 229 2037 tatione
250 2012 429 2050 magnam
455 2000 524 2038 sibi
549 2002 747 2038 verborum
772 2007 809 2037 et
832 1999 1098 2038 sententiarum
1127 2010 1188 2036 co-

91 2051 194 2101 piam
212 2054 519 2104 comparaverint,
538 2053 686 2091 tractari
705 2065 780 2091 non
803 2060 980 2104 poterunt
1003 2058 1131 2090 ornate
1151 2057 1189 2089 et

92 2105 266 2155 graviter,
294 2105 615 2157 quemadmodum
642 2112 776 2146 natura
800 2106 966 2157 ipsorum
993 2104 1187 2143 desiderat.
