1429 2344
159 81 238 120 410
284 77 362 117 DE
383 77 589 117 CLARIS
609 74 1000 124 ORATORIBUS,
1021 74 1126 115 CAP.
1139 76 1204 114 58.

160 195 308 240 partem
326 187 462 234 dicere,
483 192 520 224 et
538 185 629 238 quia
647 184 774 236 plures
792 184 973 223 ineuntur
991 183 1136 235 gratiae,
1152 182 1184 221 si
1197 194 1278 221 uno

159 250 330 293 tempore
348 241 448 278 dicas
466 253 535 291 pro
552 239 741 290 pluribus,
759 238 898 277 idcirco
919 238 1018 276 hanc
1036 236 1278 276 consuetudi-

163 309 252 335 nem
271 297 445 333 lubenter
463 292 702 332 adscivimus.

216 349 376 387 LVIII.
402 347 526 386 Erant
543 354 686 393 tamen,
707 346 848 397 quibus
866 345 1055 384 videretur
1071 344 1174 383 illius
1189 350 1280 382 aeta-

162 404 210 441 tis
228 402 361 440 tertius
381 401 512 448 Curio,
533 401 625 452 quia
646 399 963 451 splendidioribus
985 399 1140 437 fortasse
1157 398 1282 436 verbis

164 458 366 501 utebatur3
401 462 439 494 et
469 454 560 506 quia
589 454 728 492 Latine
753 466 830 492 non
854 453 1016 504 pessime
1037 453 1279 504 loquebatur,

164 524 238 549 usu
258 509 401 557 (credo)
422 508 550 560 aliquo
569 508 798 553 domesti003
824 520 915 545 nam
932 507 1130 544 literarum
1149 506 1282 544 admo-

164 565 259 602 dum
279 563 376 601 nihil
395 563 544 601 sciebat.
576 562 651 600 Sed
668 561 800 611 magni
819 561 987 607 interest,
1007 573 1103 611 quos
1120 560 1283 611 quisque

166 618 297 656 audiat
321 617 490 667 quotidie
514 615 632 662 domi,
654 616 885 667 quibuscum
906 615 1086 665 loquatur
1107 628 1131 652 a
1148 627 1283 665 puero,

166 670 495 723 quemadmodum
520 677 659 720 patres,
683 669 895 720 paedagogi,
918 675 1058 706 matres
1080 668 1208 715 etiam,
1227 668 1286 706 lo-

167 733 346 777 quantur.
387 724 574 775 Legimus
597 723 772 774 epistolas
795 722 995 768 Corneliae,
1015 722 1148 760 matris
1168 722 1289 760 Grac-

169 779 349 818 chorum:
374 784 544 828 apparet,
565 777 663 815 filios
682 790 758 815 non
777 784 857 814 tam
871 777 912 813 in
931 776 1075 826 gremio
1095 775 1285 822 educatos,

171 846 289 884 quam
307 832 348 869 in
368 844 553 877 sermone,
572 831 716 868 matris.
755 830 928 868 Auditus
953 836 1007 867 est
1029 829 1137 868 nobis
1156 829 1290 867 Laeliae

171 887 216 925 C.
238 887 283 924 F.
304 898 403 936 saepe
421 898 568 923 sermo:
600 897 688 935 ergo
713 885 821 922 illam
847 883 964 935 patris
986 883 1174 934 elegantia
1191 883 1289 921 tinc-

172 948 253 978 tam
272 939 463 985 vidimus3
493 946 530 976 et
552 938 649 976 filias
674 940 755 988 ejus
783 938 935 976 Mucias
958 939 1103 984 ambas,
1123 950 1290 989 quarum

172 1006 295 1032 sermo
313 993 411 1030 mihi
428 992 503 1030 fuit
519 1000 658 1038 notus3
689 1000 725 1030 et
747 999 877 1043 neptes
903 991 1084 1038 Licinias,
1105 1004 1200 1042 quas
1221 1003 1292 1030 nos

173 1047 331 1100 quidem
350 1047 497 1094 ambas,
515 1046 615 1084 hanc
633 1059 721 1084 vero
740 1045 925 1096 Scipionis
940 1045 1056 1083 etiam
1074 1052 1132 1092 tu,
1152 1045 1291 1093 Brute,

174 1101 319 1147 (credo)
347 1099 553 1152 aliquando
578 1099 720 1138 audisti
739 1101 972 1151 loquentem.
1013 1099 1100 1150 Ego
1122 1111 1223 1145 vero,
1248 1111 1295 1137 ac

173 1156 350 1194 lubenter
377 1154 549 1205 quidem,
578 1153 705 1204 inquit
733 1154 908 1199 Brutus3
947 1160 984 1190 et
1013 1166 1057 1191 eo
1082 1152 1293 1201 lubentius,

177 1208 282 1261 quod
302 1208 349 1246 L.
371 1207 498 1245 Crassi
516 1214 595 1245 erat
613 1207 703 1245 filia.

229 1262 338 1310 Quid
358 1261 554 1307 Crassum,
574 1261 748 1313 inquam,
769 1260 882 1298 illum
901 1273 1041 1306 censes,
1061 1258 1169 1298 istius
1192 1260 1295 1298 Lici-

179 1317 253 1355 niae
284 1315 425 1362 filium,
456 1314 582 1353 Crassi
611 1322 834 1353 testamento
862 1314 930 1365 qui
960 1314 1034 1352 fuit
1062 1313 1263 1365 adoptatus
1277 1317 1295 1353 Ρ

179 1372 342 1408 Summo
369 1369 439 1406 iste
467 1368 624 1420 quidem
655 1369 792 1407 dicitur
820 1368 973 1419 ingenio
999 1367 1129 1415 fuisse,
1157 1368 1297 1419 inquit.

180 1424 235 1462 Et
253 1436 340 1462 vero
358 1423 420 1460 hic
440 1423 579 1474 Scipio,
601 1423 746 1474 collega
762 1436 885 1469 meus,
905 1421 1003 1460 mihi
1028 1434 1117 1460 sane
1140 1423 1237 1460 bene
1262 1429 1299 1460 et

180 1477 288 1529 loqui
317 1476 481 1523 videtur,
517 1484 554 1514 et
585 1477 719 1515 dicere.
767 1477 900 1523 Recte,
931 1477 1106 1527 inquam,
1135 1476 1298 1526 judicas,

182 1532 316 1569 Brute.
356 1530 514 1568 Etenim
536 1530 645 1568 istius
670 1544 790 1581 genus
815 1537 871 1568 est
897 1543 945 1568 ex
969 1530 1087 1581 ipsius
1106 1530 1301 1581 sapientiae

183 1585 300 1636 stirpe
319 1592 554 1635 generatum.
590 1585 697 1622 Nam
716 1591 753 1622 et
772 1585 819 1623 de
837 1585 986 1623 duobus
1005 1583 1084 1622 avis
1099 1584 1182 1633 jam
1200 1583 1303 1621 dlxi-

181 1650 284 1685 mus,
309 1637 484 1688 Scipione
512 1645 549 1675 et
577 1638 736 1683 Crasso3
773 1646 810 1676 et
837 1638 885 1676 de
912 1638 1033 1675 tribus
1059 1637 1222 1688 proavis,
1247 1637 1300 1685 Q.

183 1691 360 1738 Metello,
382 1693 490 1740 cujus
509 1700 673 1742 quatuor
691 1693 785 1738 filii3
812 1692 857 1729 P.
873 1691 1062 1743 Scipione,
1083 1691 1151 1742 qui
1169 1704 1216 1729 ex
1235 1691 1307 1729 do-

183 1746 334 1783 minatu
353 1744 416 1782 Ti.
440 1745 603 1783 Gracchi
620 1746 791 1796 privatus
809 1746 849 1783 in
863 1746 1079 1784 libertatem
1093 1745 1303 1796 rempubli-

184 1812 270 1838 cam
289 1798 516 1843 vindicavit;
542 1799 593 1846 Q.
608 1800 777 1837 Scaevola
795 1813 953 1850 augure,
970 1799 1037 1850 qui
1054 1798 1305 1850 peritissimus

180 1853 293 1903 juris,
313 1852 493 1903 idemque
510 1853 710 1903 percomis,
737 1861 792 1891 est
816 1853 980 1891 habitus.
1021 1852 1116 1890 Jam
1140 1852 1306 1890 duorum

185 1908 395 1945 abavorum
413 1918 532 1957 quam
551 1914 606 1944 est
619 1907 767 1944 illustre
781 1918 936 1954 nomen,
958 1906 1004 1944 P.
1019 1905 1219 1957 Scipionis,
1240 1906 1307 1956 qui

185 1960 246 1999 bis
275 1959 408 1998 consul
436 1959 525 2006 fuit,
557 1959 626 2011 qui
655 1967 710 1999 est
735 1960 943 1998 Corculum
973 1959 1110 2006 dictus,
1138 1959 1307 2004 alterius,

187 2014 363 2052 omnium
386 2012 667 2064 sapientissimi,
694 2013 739 2052 C.
761 2013 898 2052 Laelii!
937 2012 976 2052 O
995 2026 1230 2065 generosam,
1250 2013 1309 2051 in-

189 2067 288 2119 quit,
309 2067 480 2118 stirpem,
507 2073 545 2104 et
569 2074 770 2119 tamquam
795 2068 835 2105 in
860 2080 980 2105 unam
1005 2069 1178 2106 arborem
1197 2066 1308 2118 plura

189 2133 343 2171 genera,
363 2121 416 2158 sic
434 2121 474 2158 in
493 2120 606 2159 istam
625 2121 785 2159 domum
804 2121 1016 2159 multorum
1031 2120 1182 2160 insitam
1198 2127 1312 2171 atque

193 2174 453 2213 illuminatam
473 2174 698 2226 sapientiam
715 2175 724 2212 ἱ
