1429 2344
209 83 288 128 276
354 81 755 134 DEORATORE,
786 83 884 122 ιω.
906 83 964 123 11.
994 83 1098 123 CAP.
1114 84 1178 129 79.

208 190 409 228 uberrimae
433 190 492 228 vel
516 191 556 228 in
582 191 826 242 argumentis,
848 192 907 230 vel
930 191 970 229 in
993 192 1038 230 iis
1062 190 1245 242 partibus,
1269 190 1318 228 ad

210 257 304 294 quas
323 244 403 281 dixi
421 244 565 294 digredi
584 257 681 295 saepe
699 252 878 296 oportere.
914 245 976 283 Ita
994 253 1030 283 et
1047 245 1231 283 momenti
1249 244 1319 281 ali-

211 297 304 346 quid
323 297 491 344 afferent,
513 310 599 335 cum
619 306 729 335 erunt
746 311 854 348 paene
877 311 924 336 ex
948 298 1084 337 intima
1105 298 1320 336 defensione

211 350 420 399 depromta,
442 358 478 388 et
497 351 704 401 apparebit,
725 364 768 389 ea
789 364 865 389 non
887 352 1001 390 modo
1025 365 1102 389 non
1121 364 1198 389 esse
1216 363 1318 389 eom-

211 403 357 450 munia,
377 416 445 441 nec
463 404 503 441 in
521 405 612 442 alias
631 418 759 443 causas
777 417 884 455 posse
904 405 1108 451 transferri,
1129 404 1193 442 sed
1211 403 1317 455 peni-

212 463 272 493 tus
292 469 339 493 ex
358 457 402 494 ea
421 458 545 502 causa,
567 471 652 508 quae
672 466 755 496 tum
774 466 921 508 agatur,
942 458 1156 496 effloruisse.

268 509 467 548 LXXIX.
508 511 636 549 Omne
651 519 779 548 autem
793 511 1023 562 principium
1037 519 1103 549 aut
1116 511 1170 549 rei
1188 510 1316 557 totius,

215 576 302 613 quae
320 571 466 613 agetur,
487 564 799 615 significationem
826 565 965 602 habere
983 564 1147 612 debebit,
1167 572 1234 602 aut
1252 564 1318 601 ad-

216 616 316 653 itum
342 617 390 654 ad
409 630 561 655 causam
581 626 617 655 et
631 618 896 665 munitionem,
917 624 983 655 aut
1001 617 1194 668 quoddam
1211 629 1325 655 orna-

215 676 391 707 mentum
418 678 454 708 et
480 671 715 721 dignitatem.
746 671 821 709 Sed
852 677 1011 721 oportet,
1040 678 1084 708 ut
1111 671 1254 708 aedibus
1278 683 1322 708 ac

214 724 367 784 templis
387 725 570 762 vestibula
590 732 626 762 et
646 725 783 772 aditus,
800 724 851 761 sic
871 724 990 762 causis
1016 724 1214 775 principia,
1234 736 1322 775 pro-

221 777 392 826 portione
419 791 546 815 rerum
571 791 798 829 praeponere.
829 777 966 828 Itaque
993 777 1034 814 in
1061 778 1186 828 parvis
1212 785 1326 828 atque

217 830 520 882 infrequentibus
536 832 655 870 causis
670 831 738 869 ab
729 844 811 882 ipsa
825 845 864 869 re
876 839 930 869 est
942 830 1105 868 exordiri
1115 843 1213 882 saepe
1224 843 1327 869 com-

221 884 383 922 modius.

274 937 362 985 Sed,
380 951 467 976 cum
481 939 549 977 erit
563 938 750 977 utendum
764 939 949 990 principio
965 937 1084 989 (quod
1098 938 1325 990 plerumque

218 991 319 1039 erit),
341 1000 407 1029 aut
426 1005 473 1030 ex
491 1006 567 1040 reo,
589 1001 655 1030 aut
674 1006 720 1030 ex
740 993 963 1039 adversario,
977 999 1043 1029 aut
1057 1005 1104 1029 ex
1122 1005 1176 1039 re,
1197 999 1263 1029 aut
1277 1004 1325 1029 ex

220 1045 272 1082 eis
291 1045 394 1096 apud
413 1058 507 1096 quos
526 1046 664 1096 agitur,
686 1046 886 1084 sententias
900 1046 988 1083 duci
999 1045 1137 1082 licebit.
1167 1045 1232 1082 Ex
1246 1057 1323 1090 reo,

219 1100 318 1141 (reos
337 1099 500 1149 appello,
522 1112 686 1149 quorum
704 1113 761 1137 res
777 1106 846 1146 est)
867 1113 953 1150 quae
972 1098 1181 1148 significent
1200 1098 1323 1135 virum

219 1153 379 1198 bonum,
401 1166 486 1203 quae
511 1153 720 1200 liberalem,
741 1166 827 1204 quae
853 1152 1129 1199 calamitosum,
1150 1165 1236 1202 quae
1254 1151 1327 1188 mi-

220 1206 420 1243 sericordia
438 1206 612 1256 dignum,
634 1220 719 1256 quae
738 1207 886 1244 valeant
904 1213 1033 1244 contra
1050 1205 1186 1242 falsam
1201 1205 1327 1243 crimi-

222 1259 438 1297 nationem:
469 1273 516 1297 ex
535 1259 758 1307 adversario,
774 1259 908 1297 iisdem
921 1272 969 1296 ex
985 1259 1076 1296 locis
1090 1259 1167 1296 fere
1181 1266 1328 1296 contra-

221 1312 289 1349 ria.
310 1312 374 1350 Ex
389 1326 442 1359 re,
460 1313 490 1350 si
502 1313 676 1360 crudelis,
686 1313 717 1350 si
728 1313 897 1360 infanda,
908 1312 939 1350 si
950 1319 1085 1362 praeter
1095 1312 1328 1362 opinionem,

223 1365 254 1403 si
273 1366 477 1413 immerito,
498 1366 529 1404 si
546 1366 696 1413 misera,
717 1367 747 1404 si
758 1366 919 1416 ingrata,
936 1366 967 1403 si
984 1365 1154 1416 indigna,
1171 1365 1202 1403 si
1216 1378 1328 1411 nova,

222 1419 254 1455 si
281 1433 367 1470 quae
393 1420 538 1457 restitui
563 1420 761 1470 sanarique
786 1433 863 1457 non
881 1419 1023 1471 possit:
1055 1432 1102 1456 ex
1119 1419 1165 1456 iis
1184 1426 1327 1467 autem,

223 1473 327 1523 apud
346 1487 440 1524 quos
459 1482 604 1524 agetur,
621 1481 664 1511 ut
677 1474 876 1511 benevolos
888 1475 1058 1523 beneque
1073 1473 1330 1511 existimantes

224 1526 456 1572 efficiamus3
486 1527 589 1577 quod
614 1527 760 1577 agendo
786 1527 944 1565 efficitur
961 1526 1112 1573 melius,
1133 1539 1251 1577 quam
1269 1539 1329 1564 ro-

225 1580 361 1629 gando.
391 1580 463 1618 Est
488 1580 528 1617 id
551 1581 709 1641 quidem
733 1580 774 1617 in
798 1587 917 1618 totam
942 1580 1149 1618 orationem
1171 1579 1330 1617 confun-

226 1632 409 1694 dendum,
425 1646 494 1671 nec
507 1634 665 1671 minime
676 1634 716 1671 in
731 1640 966 1671 extremam:
989 1632 1053 1670 sed
1067 1640 1195 1671 tamen
1208 1634 1333 1671 multa

225 1686 411 1737 principia
430 1700 477 1724 ex
496 1700 539 1725 eo
557 1700 692 1737 genere
705 1687 926 1737 gignuntur.
956 1687 1062 1724 Nam
1077 1693 1114 1724 et
1127 1693 1330 1733 attentum,

227 1747 384 1777 monent
400 1740 536 1787 Graeci,
557 1748 600 1777 ut
618 1740 802 1791 principio
816 1740 999 1778 faciamus
1013 1739 1197 1789 judicem,
1214 1747 1251 1777 et
1264 1740 1331 1778 do-

229 1793 365 1831 cilem·
355 1822 366 1838 ,
407 1807 494 1844 quae
526 1801 614 1831 sunt
645 1794 768 1840 utilia,
805 1793 870 1831 sed
898 1805 976 1831 non
1004 1793 1180 1844 principii
1210 1793 1334 1844 magis

228 1847 407 1907 propria,
422 1859 539 1907 quam
561 1847 794 1897 reliquarum
812 1847 1005 1897 partium;
1033 1846 1201 1884 faciliora
1218 1847 1334 1885 etiam

229 1901 271 1937 in
289 1899 495 1951 principiis,
510 1900 612 1950 quod
631 1908 667 1938 et
686 1900 818 1938 attenti
835 1907 920 1937 tum
937 1900 1106 1937 maxime
1124 1907 1226 1948 sunt,
1247 1913 1337 1939 cum

231 1954 361 1991 omnia
373 1961 602 2004 exspectant,
617 1961 653 1991 et
664 1953 800 1991 dociles
814 1953 944 2014 magis
946 1953 1063 1990 initiis
1078 1966 1154 1991 esse
1165 1961 1335 2004 possunt.

234 2006 447 2045 Illustriora
473 2006 574 2044 enim
600 2014 701 2054 sunt,
726 2020 812 2057 quae
829 2007 869 2044 in
887 2006 1094 2058 principiis,
1115 2019 1232 2058 quam
1250 2020 1338 2058 quae

232 2060 275 2097 in
300 2060 435 2098 mediis
459 2060 594 2107 causis,
616 2060 807 2108 dicuntur,
827 2067 893 2098 aut
918 2059 1124 2111 arguendo,
1145 2067 1212 2098 aut
1229 2060 1338 2099 refel-

236 2113 363 2151 lendo.

291 2166 469 2205 Maxima
495 2175 623 2207 autem
653 2168 760 2220 copia
788 2167 1077 2221 principiorum,
1101 2166 1149 2205 ad
1172 2166 1340 2216 judicem
