1407 2324
232 108 309 148 DE
329 106 534 148 CLARIS
555 106 941 157 ORATORIBUS,
958 107 1061 146 CAP.
1076 107 1140 146 64.
1180 109 1264 146 415

149 216 214 254 ille
232 215 386 267 quidem
404 215 542 253 ornatis
562 217 750 262 utebatur,
772 215 835 253 sed
851 222 977 252 tamen
992 226 1067 253 non
1083 214 1249 263 abjectis.

152 269 343 320 Expedita
360 275 488 306 autem
508 276 585 306 erat
604 276 641 306 et
664 269 839 319 perfacile
858 281 1008 306 currens
1026 268 1154 306 oratio.
1197 268 1253 306 Et

151 330 230 360 erat
247 323 327 371 ejus
347 321 500 372 quidem
519 328 715 372 tamquam
742 321 892 359 habitus
915 333 990 359 non
1015 322 1248 359 inurbanus:

148 375 244 413 actio
276 375 435 426 paulum
461 388 548 412 cum
575 375 664 412 vitio
693 375 806 420 vocis,
833 382 916 411 tum
944 375 1055 412 etiam
1082 374 1245 425 ineptiis,

145 427 390 466 claudicabat.
422 428 498 465 Hic
511 429 742 478 temporibus
761 428 887 464 floruit
904 428 962 473 iis,
984 429 1135 478 quibus,
1152 428 1249 465 inter

146 481 414 532 profectionem
433 481 671 532 reditumque
691 481 737 518 L.
759 481 888 527 Sullae,
910 482 988 518 sine
1010 482 1095 529 jure
1120 480 1194 518 fuit
1212 486 1249 518 et

145 534 224 572 sine
250 534 331 571 ulla
355 533 536 584 dignitate
562 534 781 584 respublica„
826 534 912 571 Hoc
940 533 1073 582 [etiam
1096 535 1244 585 autem]

146 587 267 637 magis
285 588 526 638 probabatur,
547 587 649 638 quod
669 594 746 624 erat
765 588 812 624 ab
832 587 1040 624 oratoribus
1069 586 1244 638 quaedam

143 641 183 678 in
203 640 284 677 foro
302 639 475 677 solitudo.
516 640 706 691 Sulpicius
731 639 937 685 occiderat3
970 640 1081 678 Cotta
1105 641 1247 687 aberat,

145 701 182 731 et
213 693 352 731 Curio:
396 693 544 731 vivebat
576 706 596 730 e
627 694 780 744 reliquis
812 693 977 744 patronis
1010 694 1091 741 ejus
1128 692 1248 730 aetatis

144 759 271 794 nemo,
301 755 435 797 praeter
462 746 674 784 Carbonem
703 753 740 784 et
769 746 1050 797 Pomponium;
1081 758 1245 797 quorum

149 807 354 850 utrumque
372 799 479 837 facile
498 801 708 850 superabat.

204 853 358 890 LXIV.
388 852 579 890 Inferioris
599 860 724 891 autem
751 853 868 890 aetatis
886 860 964 890 erat
982 852 1178 903 proximus
1198 851 1246 890 L.

150 907 320 953 Sisenna,
341 905 471 943 doctus
490 906 559 952 vir,
580 913 617 943 et
635 906 768 944 studiis
792 906 944 956 optimis
969 906 1131 952 deditus,
1151 907 1247 943 bene

148 960 286 998 Latine
303 959 474 1010 loquens,
490 971 629 1008 gnarus
647 959 876 1009 reipublicae,
892 971 967 996 non
983 959 1061 996 sine
1075 958 1244 1004 facetiis3

148 1013 213 1051 sed
231 1025 354 1063 neque
371 1011 508 1050 laboris
527 1012 652 1059 multi,
673 1024 741 1050 nec
759 1012 846 1049 satis
865 1018 1029 1050 versatus
1043 1012 1084 1048 in
1098 1011 1244 1057 causis3

147 1067 436 1115 interjectusque
461 1065 557 1102 inter
579 1065 672 1102 duas
698 1072 822 1103 aetates
843 1065 1037 1103 Hortensii
1060 1072 1097 1102 et
1117 1064 1245 1115 Sulpi-

145 1119 206 1166 cii,
226 1131 294 1156 nec
311 1119 493 1167 majorem
511 1118 688 1169 consequi
706 1125 864 1169 poterat,
886 1126 922 1156 et
945 1118 1083 1155 minori
1101 1130 1248 1155 necesse

145 1179 223 1211 erat
241 1172 379 1210 cedere.
419 1171 549 1219 Hujus
568 1172 690 1209 omnis
714 1172 873 1209 facultas
892 1184 938 1209 ex
957 1171 1112 1209 historia
1130 1171 1248 1221 ipsius

143 1225 303 1276 perspici
321 1231 442 1275 potest
458 1238 469 1269 ;
500 1238 586 1275 quae
604 1237 693 1262 cum
717 1225 825 1262 facile
844 1237 973 1262 omnes
992 1224 1116 1262 vincat
1135 1237 1246 1274 supe-

144 1279 269 1325 riores,
290 1286 373 1316 tum
391 1277 531 1315 indicat
550 1285 690 1325 tamen,
710 1285 898 1328 quantum
924 1277 1020 1315 absit
1038 1290 1061 1314 a
1080 1289 1244 1324 summo,

143 1343 335 1382 quamque
353 1342 471 1381 genus
489 1330 560 1368 hoc
579 1331 788 1380 scriptionis
807 1330 977 1367 nondum
996 1330 1043 1367 sit
1061 1330 1148 1367 satis
1168 1329 1247 1367 La-

143 1386 230 1422 tinis
245 1384 361 1422 literis
372 1384 613 1420 illustratum.
642 1384 746 1421 Nam
760 1384 810 1430 Q.
828 1383 1023 1421 Hortensii
1037 1382 1245 1420 admodum

142 1437 384 1476 adolescentis
402 1436 612 1486 ingenium,
633 1444 677 1474 ut
696 1436 843 1474 Phidiae
862 1437 1028 1487 signum,
1045 1436 1159 1473 simul
1177 1435 1246 1473 ad-

142 1498 312 1542 spectum
331 1497 368 1527 et
384 1491 586 1540 probatum
606 1497 672 1527 est.

194 1545 249 1593 Is,
271 1544 318 1581 L.
340 1544 487 1591 Crasso,
508 1542 558 1590 Q.
580 1543 746 1581 Scaevola
764 1543 993 1591 consulibus,
1009 1541 1179 1593 primum
1197 1541 1239 1579 in

142 1600 222 1637 foro
241 1597 351 1644 dixit,
378 1603 415 1634 et
440 1596 542 1646 apud
567 1595 634 1634 hos
660 1596 758 1647 ipsos
783 1596 938 1647 quidem
965 1596 1160 1640 consules;
1189 1602 1242 1643 et,

143 1665 232 1691 cum
257 1662 387 1688 eorum
413 1649 479 1700 qui
505 1648 707 1696 affuerunt,
735 1656 818 1687 tum
848 1649 1017 1700 ipsorum
1045 1649 1243 1687 consulum

144 1705 211 1758 qui
238 1716 368 1742 omnes
394 1701 643 1752 intelligentia
670 1703 876 1750 anteibant,
907 1702 1050 1751 judicio
1075 1701 1244 1739 discessit

141 1760 332 1810 probatus.
362 1755 609 1805 Undeviginti
627 1768 744 1793 annos
763 1763 873 1793 natus
899 1762 977 1793 erat
1001 1768 1044 1793 eo
1063 1761 1242 1804 tempore.

141 1813 214 1853 Est
239 1817 367 1848 autem
395 1809 442 1846 L.
465 1808 600 1857 Paulo,
622 1808 666 1847 C.
687 1809 873 1847 Marcello
892 1808 1122 1855 consulibus,
1141 1819 1244 1845 mor-

143 1875 231 1905 tuus
247 1878 257 1902 2
288 1876 335 1901 ex
354 1874 430 1914 quo
448 1861 634 1909 videmus,
655 1875 743 1900 eum
762 1862 801 1899 in
820 1870 1065 1913 patronorum
1084 1872 1243 1898 numero

142 1931 260 1958 annos
279 1923 440 1968 quatuor
459 1922 495 1952 et
509 1915 759 1966 quadraginta
776 1915 902 1953 fuisse.
933 1915 1019 1952 Hoc
1033 1913 1079 1951 de
1098 1920 1243 1951 oratore

142 1972 258 2024 paulo
275 1977 359 2021 post
376 1968 488 2019 plura
505 1967 696 2006 dicemus:
726 1969 797 2006 hoc
811 1975 938 2006 autem
952 1968 1033 2005 loco
1053 1965 1243 2004 voluimus

143 2032 292 2064 aetatem
311 2023 391 2071 ejus
402 2021 442 2058 in
460 2020 647 2071 disparem
659 2029 849 2059 oratorum
864 2027 1012 2058 aetatem
1027 2018 1216 2057 includere
1230 2032 1246 2056 τ

143 2088 377 2131 quamquam
401 2073 442 2112 id
466 2074 621 2124 quidem
645 2075 822 2112 omnibus
850 2087 921 2111 usu
947 2073 1072 2111 venire
1097 2084 1244 2109 necesse

144 2132 230 2176 fuit,
257 2129 395 2180 quibus
419 2127 534 2177 paulo
557 2127 704 2178 longior
728 2127 804 2165 vita
830 2126 999 2176 contigit,
1027 2131 1070 2163 ut
1095 2131 1131 2163 et
1155 2137 1244 2162 cum

145 2185 266 2224 multo
283 2181 490 2230 majoribus
507 2187 613 2230 natu,
634 2194 751 2232 quam
770 2188 891 2220 essent
908 2179 994 2232 ipsi,
1015 2186 1051 2218 et
1069 2190 1156 2218 cum
1176 2176 1247 2216 ali-
