1428 2308
260 83 336 123 DE
358 82 743 131 INVENTIONE,
774 83 871 122 LIB.
895 82 928 121 Ι.
959 82 1062 121 ΟΑΡ.
1084 85 1146 121 52.
1204 87 1255 123 53

146 192 273 230 10811111
298 203 553 239 communem,
577 190 771 242 displicet3
802 203 878 241 quo
900 190 947 228 de
971 202 1105 240 genere
1130 198 1252 241 poste-

146 245 224 282 rius
243 252 298 282 est
315 244 530 282 dicendum.
573 244 724 282 Laudes
749 252 876 282 autem
901 251 938 281 et
965 244 1252 294 vituperationes

147 311 222 335 non
242 298 442 349 separatim
460 298 581 348 placet
599 298 761 345 tractari,
783 297 846 334 sed
871 297 910 334 in
936 297 1025 347 ipsis
1051 310 1252 347 argumen-

146 351 350 390 tationibus
368 364 446 389 esse
468 351 680 401 implicitas.
724 351 840 388 Nunc
864 350 911 387 de
936 351 1170 389 conclusione
1195 352 1252 388 di-

145 417 284 442 cemus.

200 458 296 495 LII.
326 457 526 495 Conclusio
552 464 607 495 est
636 457 758 495 exitus
788 464 824 495 et
851 456 1112 494 determinatio
1138 458 1252 496 totius

146 511 333 549 orationis.
381 511 477 549 Haec
503 511 617 548 habet
649 519 771 561 partes
799 519 886 557 tres,
916 510 1250 557 enumerationem,

146 564 457 614 indignationem,
479 564 794 614 conquestionem.
823 564 1071 601 Enumeratio
1091 571 1158 611 est,
1185 578 1252 614 per

147 629 264 668 quam
282 630 353 665 reS,
373 618 536 668 disperse
555 625 591 655 et
609 617 744 655 diffuse
762 618 883 665 dictae,
911 629 1035 654 unum
1062 617 1101 653 in
1125 618 1250 656 locum

147 679 346 722 coguntur,
368 679 418 718 et,
439 671 700 708 reminiscendi
718 671 842 718 causa,
863 683 986 708 unum
1005 672 1075 708 sub
1101 670 1251 720 adspec-

146 731 231 762 tum
246 724 507 772 subjiciuntur.
550 725 645 761 Haee
663 724 693 761 51
711 737 857 775 semper
875 724 1006 761 eodem
1024 724 1137 761 medo
1156 731 1252 762 trac-

147 777 301 825 tabitur,
327 778 520 828 perspicue
538 779 586 815 ab
604 778 779 815 omnibus
799 777 953 814 artificio
973 777 1138 827 quodam
1156 784 1252 816 trac-

147 831 219 868 tari
236 831 490 881 intelligetur3
520 831 578 868 sin
604 831 703 868 varie
728 832 806 878 fiet,
834 837 870 867 et
888 831 985 867 hanc
1004 830 1251 880 suspicionem

146 892 184 922 et
202 885 410 922 satietatem
429 884 545 922 vitare
563 884 710 934 poterit.
739 884 869 930 Quare
887 890 971 920 tum
991 883 1174 934 oportebit
1199 884 1253 921 ita

144 938 278 986 facere,
307 944 351 975 ut
379 937 548 988 plerique
576 937 720 975 faciunt
743 944 894 988 propter
919 937 1150 983 facilitatem,
1178 937 1252 974 sin-

142 991 308 1041 gillatim
329 1003 641 1042 unamquamque
659 1003 739 1028 rem
759 991 954 1040 attingere,
985 998 1021 1028 et
1045 990 1098 1027 ita
1123 1003 1251 1028 omnes

145 1045 302 1082 transire
330 1044 491 1082 breviter
523 1044 889 1094 argumentationes:
920 1051 1004 1080 tum
1037 1051 1165 1081 autem
1196 1044 1249 1091 id,

145 1097 249 1158 quod
274 1097 461 1135 difficilius
483 1105 550 1145 est,
572 1098 705 1146 dicere,
727 1111 820 1148 quas
837 1105 960 1157 partes
980 1097 1193 1148 exposueris
1212 1097 1250 1134 111

144 1151 358 1202 partitione,
389 1151 437 1188 de
465 1152 603 1212 quibus
632 1158 669 1189 te
693 1152 881 1202 pollicitus
907 1151 956 1188 sis
982 1150 1187 1197 dicturum,
1217 1159 1251 1188 et

143 1204 319 1243 reducere
351 1204 391 1242 in
423 1205 659 1252 memoriam,
698 1205 836 1256 quibus
872 1204 1078 1242 rationibus
1114 1217 1250 1241 unam-

142 1271 337 1309 quamque
360 1265 506 1309 partem
535 1259 790 1296 confirmaris·
821 1265 904 1296 111111
930 1260 977 1295 ab
1003 1258 1062 1305 115,
1093 1257 1159 1308 (1111
1185 1270 1249 1295 au-

141 1312 266 1359 diunt,
296 1325 476 1362 quaerere,
505 1312 599 1374 quid
631 1312 691 1359 sit,
729 1312 831 1362 quod
863 1312 934 1349 sibi
966 1311 1060 1349 velle
1092 1311 1249 1348 debeant

141 1365 403 1412 demonstrari,
422 1365 494 1403 hoc
511 1365 649 1403 modo.
681 1365 786 1403 Illud
805 1365 1026 1410 docuimus,
1056 1364 1152 1401 illud
1169 1364 1249 1414 pla-

142 1431 239 1456 num
257 1418 424 1456 fecimus.
462 1419 525 1456 Ita
543 1419 657 1456 simul
675 1426 712 1456 et
729 1419 769 1455 in
788 1418 1012 1456 memoriam
1029 1417 1165 1455 redibit
1184 1431 1248 1454 au-

143 1472 256 1518 ditor,
287 1479 323 1510 et
349 1472 499 1523 putabit
526 1472 624 1509 nihil
656 1485 733 1510 esse
763 1479 955 1523 praeterea,
985 1471 1088 1522 quod
1119 1471 1250 1508 debeat

144 1525 363 1563 desiderare.
402 1525 536 1576 Atque
559 1526 601 1562 in
626 1526 685 1563 his
707 1526 904 1576 generibus
925 1528 985 1567 (ut
1003 1532 1089 1562 ante
1107 1524 1249 1562 dictum

144 1586 217 1626 est)
247 1586 332 1617 tum
361 1586 445 1616 tuas
473 1579 816 1629 argumentationes
848 1578 1004 1616 transire
1034 1578 1246 1628 separatim,

144 1639 229 1670 tum
255 1632 326 1681 (id,
353 1632 456 1684 quod
481 1633 713 1670 artificiosius
739 1640 810 1680 est)
836 1645 924 1670 cum
950 1632 1024 1669 tuis
1051 1631 1249 1669 contrarias

136 1687 393 1737 conjungere3
417 1694 466 1734 et,
487 1699 575 1724 cum
593 1694 701 1724 tuam
719 1685 1083 1736 argumentationem
1099 1684 1248 1730 dixeris,

142 1746 240 1788 tum,
269 1747 399 1778 contra
423 1752 507 1777 eam
534 1740 637 1791 quod
665 1739 902 1787 afferebatur,
929 1738 1249 1790 quemadmodum

135 1792 310 1841 dilueris,
329 1793 531 1831 ostendere.
561 1794 637 1841 Ita,
657 1807 724 1844 per
740 1795 893 1831 brevem
918 1791 1248 1843 comparationem,

141 1846 324 1884 auditoris
349 1847 532 1885 memoria
556 1855 593 1885 et
618 1822 665 1885 de
690 1846 971 1885 confirmatione
996 1853 1032 1883 et
1058 1845 1111 1882 de
1128 1857 1248 1895 repre-

144 1899 322 1939 hensione
350 1901 675 1951 redintegrabitur.
716 1900 850 1951 Atque
878 1900 960 1937 haec
987 1898 1070 1936 aliis
1098 1897 1248 1935 actionis

144 1966 296 2006 quoque
319 1954 442 1992 modis
466 1955 608 1992 xariare
633 1954 829 2015 oportebi.t
869 1954 974 1992 Nam
1001 1964 1088 1990 cum
1112 1964 1158 1988 ex
1182 1949 1248 1986 tua

143 2008 304 2059 persona
330 2021 549 2046 enumerare
572 2009 703 2059 possis,
727 2014 784 2055 ut,
805 2007 898 2058 quid
921 2015 957 2044 et
982 2017 1058 2056 quo
1083 2003 1247 2054 quidque

143 2061 225 2099 loeo
242 2061 394 2110 dixeris,
415 2061 641 2107 admonea53
662 2068 745 2099 tum
765 2074 851 2099 vero
869 2070 1067 2111 personam
1086 2064 1151 2094 aut
1169 2067 1247 2093 rem

142 2113 310 2166 aliquam
334 2115 523 2163 inducere,
549 2122 587 2153 et
604 2114 924 2153 enumerationem
950 2112 982 2150 ei
1008 2119 1125 2148 totam
1145 2107 1246 2146 attri-

143 2169 280 2207 buere:
309 2181 506 2221 personam
525 2169 595 2208 hoc
615 2168 751 2207 medo:
784 2167 908 2254 Nam}
932 2165 962 2203 si
984 2164 1076 2215 legis
1095 2162 1247 2214 scriptor

828 2231 853 2257 r
884 2244 892 2254 .
