1428 2308
244 66 321 106 DE
341 65 729 116 INVENTIONE,
759 65 857 105 Lm.
880 65 914 105 Ι.
945 65 1048 105 CAP.
1068 66 1132 104 32.
1188 66 1240 105 33

136 172 230 210 dum
248 174 442 212 meliorem
459 174 609 223 habeat,
637 187 753 225 quam
780 181 821 211 tu
847 173 976 221 habes,
1006 179 1136 211 utrum
1156 179 1240 210 tan-

135 226 223 263 dem
237 226 401 264 fundum
415 228 552 265 habere
565 228 675 265 malis
690 230 706 265 ἓ
737 227 870 274 Ι1111111,
890 226 1028 277 inquit,
1044 226 1240 264 meliorem

136 279 286 317 scilicet.
328 280 434 327 Quid
453 281 484 318 si
502 294 660 318 uxorem
678 281 872 318 meliorem
890 280 1040 327 habeat,
1060 291 1176 330 quam
1196 286 1239 316 tu

135 331 264 380 habes,
285 340 410 370 utram
429 334 569 371 malis?
611 334 743 384 Atque
765 334 828 370 hic
847 333 1062 383 Xenophon
1088 344 1241 382 quoque

135 384 215 444 ipse
228 386 354 423 tacuit.
377 387 659 437 PostAspasia:
678 387 872 433 Quoniam
888 394 1044 436 uterque
1059 388 1238 433 vestrum,

135 437 274 489 inquit,
294 439 333 476 id
351 440 447 477 mihi
461 440 583 477 solum
599 453 674 477 non
688 440 892 490 respondit,
913 439 1015 489 quod
1031 451 1098 488 ego
1114 438 1238 476 solum

135 491 265 529 audire
290 493 496 541 volueram,
517 501 664 543 egomet
689 493 826 540 dicam,
848 492 940 543 quid
960 500 1117 542 uterque
1136 491 1238 541 cogi-

134 550 211 581 tet:
242 557 331 582 nam
358 554 394 583 et
419 553 475 593 tu,
503 547 654 593 mulier,
679 547 867 596 optimum
888 546 1011 583 virum
1030 558 1117 582 max·
1119 544 1150 582 is
1169 544 1237 581 ha-

134 597 246 642 bere3
277 606 312 636 et
331 606 387 647 tu,
408 599 637 649 Xenophon,
664 612 823 636 uxorem
841 599 978 636 habere
995 597 1237 635 lectissimam

133 651 301 688 maxime
320 652 386 690 vis.
430 652 573 700 Quare,
601 653 673 690 nisi
697 653 767 689 hoc
793 651 1031 702 perfeceritis,
1053 658 1096 688 ut
1113 663 1237 701 neque

131 703 188 739 vir
206 704 352 753 melior,
367 717 490 755 neque
510 705 652 743 femina
671 706 799 743 lectior
814 706 852 742 in
869 705 974 742 terris
989 705 1049 750 sit,
1070 703 1236 754 profecto

129 755 169 792 id
184 769 343 807 semper,
357 758 459 809 (111οᾶ
473 759 662 809 optimum
676 758 856 818 putabitis
870 770 960 805 esse,
976 757 1098 794 multo
1112 757 1236 794 maxi-

131 822 193 846 me
211 811 419 861 requiretis,
440 819 483 848 ut
502 819 537 848 et
556 819 598 848 tu
617 812 775 849 maritus
804 811 852 848 sis
875 823 992 862 quam
1011 810 1177 860 optimae,
1199 817 1236 847 et

130 862 210 900 haec
235 876 351 913 quam
376 864 520 914 optimo
544 864 623 902 viro
648 872 768 914 nupta
798 864 855 902 sit.
904 863 983 900 Hic
1007 876 1096 900 cum
1124 864 1236 901 rebus

129 926 206 952 non
224 916 348 954 dubiis
367 924 460 954 esset
477 929 684 965 assensum,
704 917 847 954 factum
861 923 915 953 est
932 924 1083 967 propter
1102 915 1235 953 81111111-

130 968 316 1028 tudinem,
337 976 380 1006 ut
399 969 512 1007 etiam
536 969 648 1017 illud,
669 969 772 1020 quod
791 969 952 1007 dubium
971 969 1181 1016 videbatur,
1203 969 1234 1006 si

130 1022 215 1080 quis
245 1022 444 1073 separatim
475 1029 672 1074 quaereret,
698 1022 739 1059 id
763 1035 832 1074 pro
858 1029 970 1070 certo,
997 1030 1149 1072 propter
1174 1035 1234 1059 ra-

129 1075 270 1113 tionem
295 1075 466 1126 rogandi,
493 1076 766 1114 concederetur.
815 1075 902 1113 Hoc
919 1075 1033 1113 modo
1053 1075 1234 1113 sermonis

128 1106 361 1187 plurimum²³
368 1130 537 1167 Socrates
567 1142 658 1166 usus
688 1137 755 1177 est,
784 1136 980 1179 propterea
1009 1128 1112 1179 quod
1138 1128 1235 1166 1111111

128 1180 208 1230 11188
235 1181 366 1219 afferre
395 1182 444 1220 ad
470 1182 773 1233 persuadendum
803 1183 964 1230 volebat,
998 1181 1063 1219 sed
1095 1194 1142 1219 ex
1175 1194 1234 1229 eo,

129 1234 233 1284 quod
258 1235 329 1272 sibi
357 1235 422 1273 1118
451 1235 617 1284 dederat,
644 1237 803 1286 quicum
829 1235 1058 1286 disputabat,
1089 1234 1235 1285 aliquid

128 1288 307 1325 conficere
324 1289 503 1336 malebat,
524 1289 627 1339 quod
644 1289 708 1327 ille
727 1302 773 1326 ex
793 1302 849 1336 eo,
871 1288 973 1339 quod
983 1289 1065 1337 jam
1084 1300 1234 1326 conces-

129 1340 246 1388 sisset,
267 1342 470 1379 necessario
489 1344 695 1402 approbare
713 1342 875 1380 deberet.

180 1393 366 1431 XXXII.
388 1395 497 1433 Hoc
488 1407 527 1432 111
546 1407 681 1444 genere
699 1393 994 1445 praecipiendum
1008 1394 1116 1432 nobis
1131 1393 1232 1431 vide-

127 1452 203 1493 tur,
224 1447 406 1497 primum,
426 1456 470 1485 ut
487 1448 598 1508 illud,
619 1448 721 1499 quod
738 1448 960 1485 inducemus
974 1460 1040 1497 per
1054 1447 1230 1485 similitu-

128 1499 272 1546 dinem,
292 1500 477 1549 ejusmodi
495 1501 556 1548 sit,
578 1509 620 1538 ut
635 1501 681 1538 sit
696 1514 841 1538 11888888
860 1500 1036 1538 concedi:
1058 1513 1163 1548 nam,
1185 1513 1232 1538 ex

127 1566 205 1603 quo
223 1554 497 1603 postulabimus
511 1554 618 1591 nobis
633 1554 743 1602 illud,
764 1554 866 1605 quod
884 1553 1046 1591 dubium
1065 1554 1125 1601 sit,
1147 1566 1235 1591 con-

128 1606 222 1654 cedi,
243 1606 403 1644 dubium
419 1620 496 1644 esse
514 1607 680 1657 idipsum
699 1620 775 1645 non
794 1607 989 1657 oportebit.
1019 1606 1169 1644 Deinde
1188 1607 1234 1644 il-

126 1659 208 1707 lud,
229 1661 336 1708 cujus
354 1660 601 1697 confirmandi
619 1661 732 1698 causa
745 1661 809 1698 fiet
821 1660 1003 1708 inductio,
1024 1659 1231 1697 videndum

127 1719 196 1759 est,
215 1719 259 1750 ut
273 1713 394 1750 81111118
409 1713 454 1750 118
469 1715 579 1751 rebus
594 1714 654 1761 sit,
675 1727 768 1764 quas
783 1726 854 1760 res,
871 1713 978 1764 quasi
992 1725 1068 1750 non
1083 1713 1232 1759 dubias,

127 1773 214 1803 ante
227 1765 514 1807 induxerimus:
531 1780 621 1804 nam
636 1775 722 1804 ante
737 1766 882 1817 aliquid
896 1766 1003 1803 nobis
1018 1778 1233 1804 concessum

127 1831 218 1866 esse,
235 1819 331 1856 nihil
348 1819 525 1869 proderit,
547 1820 579 1857 si
593 1820 626 1857 ei
644 1819 824 1857 dissimile
843 1819 913 1857 erit
926 1819 979 1866 id,
999 1820 1107 1868 cujus
1122 1819 1236 1856 causa

126 1871 223 1908 iuud
249 1872 399 1909 concedi
425 1873 594 1922 primum
620 1873 872 1911 voluerimus:
903 1872 1038 1909 deinde
1058 1884 1133 1909 non
1157 1870 1234 1919 [in-

126 1924 352 1975 telligatur,]
371 1938 446 1976 quo
461 1932 626 1976 spectent
639 1926 715 1963 illae
726 1926 858 1976 primae
872 1925 1122 1972 inductiones,
1137 1932 1172 1961 et
1187 1924 1236 1961 ad

126 1990 242 2028 quem
255 1977 330 2015 sint
347 1978 492 2015 exitum
511 1986 755 2029 perventurae.
798 1978 904 2016 Nam
923 1978 990 2038 qui
1007 1978 1121 2025 videt,
1142 1977 1173 2014 si
1203 1979 1236 2015 ei

126 2030 194 2078 rei,
215 2043 331 2081 quam
346 2031 469 2081 primo
484 2039 649 2081 rogetur,
670 2039 767 2069 recte
785 2031 993 2079 assenserit,
1014 2031 1120 2067 illam
1140 2043 1235 2080 quo-

129 2096 204 2134 que
229 2096 323 2132 rem,
351 2097 438 2135 quae
464 2084 535 2122 sibi
559 2085 766 2135 displiceat,
786 2097 864 2123 esse
882 2082 1086 2122 necessario
1105 2095 1235 2120 conce-

130 2136 319 2183 dendam3
340 2138 579 2189 plerumque,
595 2145 751 2176 autnon
765 2136 1038 2189 respondendo,
1054 2143 1120 2174 aut
1135 2136 1235 2176 male
