1429 2344
157 54 208 92 84
264 53 341 93 DE
362 53 698 94 INVENTION
702 54 753 105 E,
775 53 873 94 Lm.
893 54 949 93 ΙΙ.
972 55 1074 94 CAP.
1091 49 1154 94 24'.

157 161 198 199 in
223 174 275 209 se,
302 175 378 200 non
403 169 447 201 ut
470 163 665 213 negotialis
683 162 865 213 implicite
890 162 1178 210 et'abscondite,
1199 160 1264 200 sed

157 216 348 265 patentius
366 223 403 254 et
421 216 646 267 expeditius,
666 217 755 254 recti
775 224 812 255 et
825 229 900 254 non
915 217 1005 254 recti
1019 216 1266 268 quaestionem

159 269 337 307 continet.
379 269 440 307 Ea
459 276 513 307 est
538 270 784 319 hujusmodi.
815 270 916 308 Cum
942 270 1120 308 Thebani
1146 269 1265 307 Lace-

159 322 365 361 daemonios
401 323 501 361 bello
538 324 824 375 superavissent,
869 330 906 362 et
942 323 1018 362 fere
1053 336 1136 361 mos
1173 328 1267 361 esset

163 376 303 424 Graiis,
323 389 408 414 cum
435 376 534 414 inter
552 390 590 414 se
608 377 755 415 bellum
774 377 983 428 gessissent,
1002 384 1047 414 ut
1064 377 1106 424 ii,
1126 376 1194 428 qui
1212 376 1267 413 vi—

160 429 310 477 cissent,
339 437 525 480 tropaeum
551 430 739 481 aliquod
729 443 770 467 111
794 430 934 468 finibus
953 437 1170 478 statuerent,
1192 429 1268 467 vic-

160 483 267 520 toriae
283 483 426 521 modo
416 495 456 520 m
474 484 672 533 praesentia
689 484 921 522 declarandae
935 497 1061 531 causa,
1080 496 1158 521 non
1170 490 1215 520 ut
1228 483 1269 520 in

160 543 389 587 perpetuum
413 537 506 574 belli
529 537 714 575 memoria
737 545 931 582 maneret;
962 549 1111 575 aeneum
1130 543 1270 574 statue-

161 596 253 627 runt
270 596 469 640 tropaeum.
516 590 758 628 Accusantur
772 591 875 642 apud
892 591 1211 642 Amphictyonas,
1230 589 1271 627 id

164 650 234 691 est,
251 643 353 694 apud
373 656 575 682 commune
590 644 746 682 Graeciae
760 645 974 683 concilium.
1018 643 1184 681 Intentio
1203 650 1272 691 est,

165 696 259 734 Non
278 698 454 748 oportuit.
485 697 671 748 Depulsio
690 705 758 746 est,
779 697 973 749 Oportuit.
1007 696 1179 745 Quaestio
1203 703 1272 744 est,

166 749 449 801 Oportueritne.
479 751 595 789 Ratio
615 758 682 799 est,
699 751 801 790 Eam
821 752 922 790 enim
938 764 985 790 ex
998 751 1099 789 bello
1113 750 1273 801 gloriam

167 804 307 841 virtute
330 804 560 855 peperimus,
586 812 630 843 ut
655 806 735 855 ejus
765 812 904 843 aeterna
930 804 1094 855 insignia
1119 803 1276 855 posteris

169 858 305 895 nostris
323 859 535 920 relinquere
548 859 743 897 vellemus.
773 859 986 897 Infirmatio
1001 865 1069 905 est,
1089 857 1276 896 Attamen

168 917 352 948 aeternum
364 912 649 950 inimicitiarum
663 913 945 950 monimentum
957 912 1091 950 Graios
1106 911 1152 949 de
1165 910 1277 949 Grai-

169 964 202 1002 is
221 970 382 1002 statuere
401 977 477 1002 non
496 972 653 1016 oportet.
681 966 875 1004 Jud1cat10
894 973 962 1013 est,
983 965 1098 1013 Cum,
1116 978 1277 1003 summae

171 1018 321 1056 virtutis
340 1019 570 1057 celebrandae
596 1032 721 1068 causa,
753 1019 860 1057 Graii
885 1019 931 1058 de
951 1019 1076 1057 Graiis
1094 1026 1277 1056 aeternum

171 1071 458 1109 inimicitiarum
489 1073 771 1111 monimentum
799 1073 1010 1120 statuerint,
1039 1080 1200 1120 rectene,
1229 1084 1278 1109 an

170 1131 301 1163 contra
319 1125 485 1163 fecerint
533 1126 646 1164 Hanc
664 1126 749 1165 ideo
766 1126 951 1164 rationem
970 1126 1215 1175 subjecimus,
1235 1132 1280 1163 ut

170 1178 244 1216 hoc
262 1191 384 1216 causae
406 1192 525 1230 genus
545 1180 686 1231 ipsum,
703 1180 749 1218 de
764 1193 840 1231 quo
859 1180 1022 1231 agimus,
1042 1192 1279 1230 cognoscere-

171 1238 246 1269 tur.
286 1233 327 1270 N
330 1245 407 1279 am,
437 1233 468 1270 si
487 1246 571 1271 eam
590 1234 931 1285 supposuissemus,
953 1234 1030 1284 qua
1048 1233 1203 1271 fortasse
1221 1233 1280 1270 usi

173 1292 287 1331 sunt3
318 1286 410 1323 Non
436 1286 537 1324 enim
554 1288 668 1336 juste,
695 1300 818 1338 neque
841 1288 903 1338 pie
921 1287 1067 1325 bellum
1092 1286 1278 1337 gessistis·
1268 1314 1280 1331 ‚

172 1339 214 1377 in
239 1339 460 1377 relationem
485 1340 651 1378 criminis
670 1341 944 1388 delaberemur,
964 1340 1011 1378 de
1029 1353 1107 1391 qua
1125 1346 1208 1390 post
1226 1340 1284 1377 lo-

176 1405 352 1444 quemur.
400 1394 621 1445 Utrumque
652 1402 780 1432 autem
813 1407 935 1432 causae
967 1406 1087 1444 genus
1113 1393 1154 1430 in
1184 1393 1283 1431 hanc

174 1459 329 1484 causam
347 1447 510 1485 incidere
527 1448 770 1498 perspicuum
790 1455 856 1485 est,
898 1447 948 1485 In
965 1447 1064 1485 hanc
1083 1459 1284 1497 argumen-

175 1500 334 1538 tationes
366 1513 414 1538 ex
445 1501 580 1539 iisdem
611 1502 702 1540 locis
736 1501 930 1539 sumendae
961 1508 1064 1549 sunt,
1098 1508 1211 1551 atque
1243 1500 1284 1537 in

177 1566 332 1591 causam
350 1555 591 1604 negotialem,
613 1555 690 1606 qua
715 1555 762 1593 de
781 1562 867 1593 ante
885 1555 1030 1592 dictum
1050 1560 1116 1592 est.
1163 1554 1286 1592 Locos

178 1614 307 1644 autem
327 1620 546 1646 communes
565 1614 602 1646 et
621 1622 668 1646 ex
687 1608 800 1646 causa
817 1608 914 1659 ipsa,
935 1608 967 1646 si
985 1607 1079 1659 quid
1096 1607 1208 1644 inerit
1226 1607 1285 1644 in-

177 1660 407 1710 dignationis
429 1667 496 1698 aut
520 1662 810 1712 conquestionis,
837 1670 874 1700 et
892 1675 940 1700 ex
955 1662 1051 1710 juris
1069 1660 1231 1698 utilitate
1250 1667 1287 1698 et

178 1714 316 1752 natura
333 1715 474 1752 multos
494 1722 531 1752 et
548 1728 678 1765 graves
704 1728 851 1754 sumere
868 1715 1010 1763 licebit,
1030 1721 1068 1752 et
1085 1714 1285 1765 oportebit,

179 1767 212 1806 si
230 1780 352 1805 causae
371 1767 533 1818 dignitas
552 1768 740 1806 videbitur
758 1768 960 1819 postulare.

233 1820 395 1859 XXIV.
411 1821 452 1858 N
455 1834 530 1860 unc
544 1822 790 1860 assumtivam
803 1829 950 1873 partem
962 1819 1185 1870 juridicialis
1199 1832 1288 1858 con-

182 1874 401 1914 sideremus.

235 1928 460 1966 Assumtiva
485 1927 602 1979 igitur
627 1935 711 1966 tum
736 1929 886 1978 dicitur,
913 1940 1001 1966 cum
1027 1928 1154 1978 ipsum
1180 1940 1228 1965 ex
1251 1939 1290 1965 se

183 1982 327 2020 factum
346 1982 497 2032 probari
522 1995 598 2020 non
623 1989 770 2033 potest,
759 1996 769 2005 ·
800 1983 928 2033 aliquo
953 1987 1082 2019 autem
1108 1980 1198 2018 foris
1222 1979 1290 2017 ad-

179 2037 313 2085 juncto
332 2044 555 2086 argumento
573 2036 798 2074 defenditur.
827 2036 929 2085 Ejus
946 2042 1070 2086 partes
1089 2041 1178 2072 sunt
1196 2046 1290 2084 qu-a

182 2097 293 2133 ωσι-ς
315 2089 560 2140 comparatio,
580 2090 711 2128 relatio
730 2089 910 2136 criminis,
931 2088 1091 2126 remotio
1108 2087 1289 2133 criminis,

181 2142 378 2182 concessio.
409 2142 652 2195 Comparatio
666 2151 735 2193 est,
749 2156 838 2184 cum
852 2142 1006 2194 aliquod
1020 2141 1178 2191 factum,
1190 2139 1294 2192 quod
