1429 2344
192 104 244 142 58
300 102 377 142 DE
408 102 928 154 INVENTIONE,L1B.
946 103 980 142 1.
1010 104 1114 143 CAP.
1132 105 1196 145 56.

189 224 256 262 per
275 224 391 262 quem
410 212 612 262 disjunctio
626 212 843 263 deploratur
857 214 905 252 ab
923 211 1067 273 aliquo,
1087 224 1177 251 cum
1195 209 1307 249 didu-

189 265 284 303 caris
314 268 362 304 ab
389 278 446 315 eo,
474 267 633 317 quicum
662 266 910 304 libentissime
937 266 1088 314 vixeris,
1120 272 1165 304 ut
1189 278 1213 303 a
1236 277 1306 315 pa-

187 326 307 367 rente,
338 319 431 368 filio,
464 320 592 363 fratre,
624 319 814 357 familiari.
867 319 1212 380 Tertiusdecimus,
1218 331 1304 379 ‘per

187 385 304 423 quem
323 386 412 411 cum
430 373 690 424 indignatione
707 374 989 424 conquerimur,
1013 373 1118 424 quod
1136 372 1212 411 ab
1201 371 1261 419 115,
1282 385 1305 409 a

187 426 327 477 quibus
352 427 512 464 minime
541 427 751 475 conveniat,
779 428 879 465 male
902 434 1121 475 tractemur,
1149 425 1305 477 propin-

187 480 287 530 quis,
315 480 459 527 amicis,
487 481 630 532 quibus
655 481 965 529 benefecerimus,
994 494 1089 532 quos
1114 480 1305 529 adjutores

187 533 267 571 fore
282 535 556 584 putaverimus,
578 541 645 572 aut
663 548 686 572 a
704 534 843 585 quibus
861 535 1064 585 indignum
1084 534 1145 582 sit,
1166 541 1211 572 ut
1228 545 1303 571 ser-

187 586 257 633 vis,
277 587 435 636 libertis,
456 588 670 637 clientibus,
691 589 936 639 supplicibus.

241 640 355 679 LVI.
381 641 736 690 Quartusdecimus,
753 642 820 693 qui
838 656 905 692 per
923 641 1219 680 obsecrationem
1237 653 1302 678 su-

187 694 327 740 mitur;
353 695 393 732 in
413 709 490 746 quo
509 703 664 734 orantur
682 696 796 734 modo
813 696 871 733 illi
890 696 957 747 qui
975 695 1149 744 audiunt,
1164 693 1304 731 humili

187 755 226 785 et
255 748 417 799 supplici
444 750 624 798 oratione,
657 757 701 787 ut
729 750 988 788 misereantur.
1032 747 1304 809 Quintusdeci-

187 813 290 850 mus,
310 815 378 853 per
396 816 512 854 quem
531 816 607 841 non
621 811 780 852 nostras,
798 803 863 841 sed
877 816 1008 841 eorum
1024 803 1091 854 qui
1105 801 1180 840 cari
1193 800 1303 839 nobis

186 855 326 893 debent
357 869 449 904 esse,
479 856 651 895 fortunas
681 857 860 908 conqueri
888 870 956 895 nos
986 856 1301 894 demonstramus.

186 909 496 948 Sextusdecimus
522 918 590 959 est,
619 924 687 962 per
715 924 830 962 quem
859 911 1033 949 animum
1060 917 1233 948 nostrum
1260 908 1302 946 in

185 962 279 1000 alios
304 963 584 1002 misericordem
610 978 688 1002 esse
714 965 971 1010 ostendimus3
1007 971 1043 1002 et
1067 970 1196 1001 tamen
1218 975 1301 1000 am-

184 1017 296 1067 plum
315 1024 352 1053 et
371 1018 576 1065 excelsum,
593 1025 629 1055 et
643 1018 849 1068 patientem
864 1017 1193 1056 incommodorum
1208 1029 1300 1065 esse,

185 1077 223 1107 et
249 1069 425 1107 futurum
453 1083 544 1119 esse,
575 1071 605 1108 si
633 1071 726 1121 quid
755 1072 942 1119 acciderit,
972 1072 1274 1108 demonstramus
1288 1084 1300 1107 ι

185 1135 277 1160 nam
297 1136 395 1174 saepe
413 1123 531 1161 virtus
551 1131 587 1161 et
605 1124 900 1174 magnificentia,
921 1125 961 1161 in
985 1125 1063 1175 qua
1080 1124 1245 1174 gravitas
1263 1130 1300 1160 et

184 1177 386 1215 auctoritas
406 1184 473 1224 est,
494 1178 580 1228 plus
599 1178 746 1228 proficit
761 1178 809 1215 ad
823 1177 1117 1216 misericordiam
1132 1189 1300 1215 commo-

185 1230 362 1279 vendam,
393 1243 510 1281 quam
537 1231 733 1269 humilitas
761 1239 798 1269 et
824 1232 1040 1270 obsecratio.
1088 1230 1301 1268 Commotis

184 1291 316 1321 autem
343 1284 494 1332 animis,
524 1284 667 1322 diutius
698 1285 738 1322 in
766 1285 1031 1336 conquestione
1057 1284 1196 1322 morari
1223 1296 1301 1322 non

183 1338 381 1388 oportebit.
423 1338 762 1385 Quemadmodum
788 1339 889 1377 enim
916 1339 1013 1376 dixit
1030 1338 1157 1376 rhetor
1174 1337 1300 1388 Apol-

185 1391 323 1439 Ionius,
347 1394 374 1413 “
387 1392 556 1442 lacryma
574 1392 671 1430 nihil
689 1393 797 1430 citius
812 1393 982 1430 arescit.''
1011 1392 1100 1441 Sed,
1117 1391 1299 1443 quoniam

185 1452 223 1482 et
247 1445 336 1483 satis
360 1445 534 1483 videmur
557 1445 605 1483 de
629 1447 806 1484 omnibus
830 1447 1000 1498 partibus
1019 1445 1195 1484 orationis
1213 1445 1300 1483 dix-

185 1498 271 1547 isse,
292 1506 328 1536 et
346 1498 462 1548 hujus
480 1500 684 1538 voluminis
697 1500 922 1551 magnitudo
934 1500 1085 1550 longius
1097 1498 1296 1550 processit;

186 1564 273 1604 quae
291 1560 502 1604 sequuntur
519 1553 707 1605 deinceps,
728 1554 768 1592 in
787 1554 950 1593 secundo
968 1554 1065 1593 libro
1083 1553 1263 1592 dicemus.
