1429 2344
199 99 275 144 170
347 98 425 139 DE
455 100 751 151 ORATORE,
781 102 879 141 LIB.
902 102 937 141 Ι.
965 101 1070 141 CAP.
1087 101 1152 140 45.

191 206 346 258 perfecti
360 217 522 249 oratores
537 223 614 249 esse
628 210 781 260 vellent,
797 211 895 260 juris
913 210 1031 251 civilis
1050 208 1315 262 cognitionem·

193 273 272 300 esse
290 265 549 303 necessariam.

244 315 377 355 XLV.
397 318 425 355 J
428 331 491 355 am
510 331 598 357 vero
611 318 692 370 ipsa
710 332 778 371 per
796 332 875 358 sese
893 326 1082 371 quantum
1096 316 1252 356 afferat
1240 317 1301 364 115,

190 367 259 419 qui
274 370 307 407 ei
326 380 507 422 praesunt,
521 372 688 421 honoris,
709 373 853 424 gratiae,
867 373 1075 425 dignitatis,
1089 372 1174 424 quis
1192 371 1302 422 igno-

190 425 280 461 rat?
339 424 491 477 Itaque,
531 434 575 464 ut
614 427 717 478 apud
751 427 902 466 Graecos
944 427 1070 465 infimi
1111 425 1299 473 homines,

188 478 406 516 mercedula
430 480 597 529 adducti,
624 481 814 519 ministros
834 495 872 520 se
890 483 1060 532 praebent
1085 480 1125 517 in
1147 478 1301 528 judiciis

187 532 411 581 oratoribus,
437 534 479 582 ii,
501 535 574 595 qui
593 535 696 586 apud
714 535 798 573 illos
820 542 1070 585 Πραγματικοι
1090 540 1298 572 vocantur·
1285 561 1298 578 ‚

186 583 252 633 sic,
273 585 313 623 in
332 588 460 625 nostra
479 588 627 626 civitate
646 595 787 649 0011113,
809 588 1064 640 amplissimus
1084 587 1245 639 quisque
1264 593 1303 624 et

186 638 413 678 clarissimus
433 642 514 687 vir3
536 650 580 680 ut
597 643 675 692 ille,
696 642 763 694 qui
782 650 935 694 propter
952 642 1081 680 hanc
1065 641 1162 691 Juris
1182 639 1302 679 civilis

185 692 380 732 scientiam
399 695 450 733 sic
469 696 680 747 appellatus
700 710 722 734 a
741 710 784 734 su
786 709 892 735 mmo
909 695 1025 748 poe'ta
1043 702 1110 744 est,

239 770 269 790 “
284 769 450 822 Egregie
468 771 642 811 cordatus
660 773 790 821 homo,
810 780 915 811 catus
933 771 1058 810 AEliu‘
1077 770 1260 820 Sextus,'’

182 858 374 909 multique
391 866 585 910 praeterea,
606 860 687 912 qui,
715 873 804 899 cum
829 859 981 911 ingenio
1004 858 1075 898 sibi
1102 856 1293 910 [auctore]

182 911 407 962 dignitatem
432 914 676 975 peperissent,
707 914 958 965 perfecerunt,
984 920 1042 962 ut,
1074 912 1114 950 in
1141 925 1296 964 respon-

181 964 305 1004 dendo
324 966 400 1004 de
385 981 486 1016 Jure,
507 969 727 1006 auctoritate
751 969 839 1019 plus
864 968 979 1005 etiam
998 980 1116 1019 quam
1135 966 1216 1017 ipso
1234 967 1295 1005 in-

178 1019 290 1069 genio
304 1021 481 1058 valerent.
512 1022 703 1060 Senectuti
717 1035 804 1060 vero
819 1022 1052 1059 celebrandae
1066 1027 1102 1058 et
1116 1021 1296 1059 ornandae

178 1073 282 1124 quod
311 1074 503 1113 honestius
532 1083 655 1126 potest
684 1089 761 1114 esse
788 1075 1023 1126 perfugium,
1055 1087 1173 1126 quam
1195 1075 1294 1123 juris

177 1125 465 1178 interpretatio?
494 1129 688 1181 Equidem
707 1129 804 1167 mihi
822 1129 894 1167 hoc
913 1129 1156 1167 subsidium
1141 1141 1224 1177 Jam
1243 1130 1293 1167 ab

176 1181 427 1220 3ᾱο1050011113
464 1183 691 1234 comparavi,
730 1196 808 1221 non
845 1184 970 1221 solum
1006 1182 1055 1220 ad
1091 1195 1292 1220 causarum

175 1247 290 1272 usum
309 1236 530 1287 forensium,
552 1237 616 1275 sed
635 1238 747 1275 etiam
769 1237 817 1274 ad
832 1237 944 1276 decus
958 1244 1073 1288 atque
1090 1248 1292 1274 ornamen-

174 1295 260 1326 tum
290 1291 504 1338 senectutis,
535 1299 593 1339 ut,
624 1305 714 1329 cum
741 1303 805 1329 me
831 1291 926 1329 vires
958 1290 1079 1342 (quod
1108 1290 1186 1328 fere
1206 1291 1290 1339 jam

174 1349 327 1394 tempus
357 1344 551 1391 adventat)
583 1345 741 1383 deficere
769 1345 980 1396 coepissent,
1011 1346 1059 1382 ab
1088 1343 1291 1383 solitudine

175 1396 336 1435 domum
362 1411 488 1436 meam
515 1399 756 1437 vindicarem.
793 1399 901 1447 Quid
926 1406 981 1437 est
1005 1397 1108 1436 enim
1133 1398 1292 1449 praecla-

173 1450 266 1498 rius,
296 1465 415 1502 quam
439 1453 647 1491 honoribus
672 1461 709 1491 et
726 1453 945 1504 reipublicae
961 1452 1185 1491 muneribus
1202 1465 1289 1503 per-

174 1503 351 1542 functum
382 1519 509 1544 senem
536 1520 645 1558 posse
678 1520 746 1545 suo
771 1509 858 1556 jure
887 1506 1009 1545 dicere
1037 1505 1155 1554 idem,
1185 1505 1290 1557 quod

171 1558 276 1607 apud
289 1559 463 1598 Ennium
483 1560 582 1599 dicat
592 1561 657 1599 1110
671 1561 836 1612 Pythius
849 1561 1022 1612 Apollo?
1038 1573 1076 1598 se
1091 1573 1169 1598 esse
1182 1573 1287 1608 eum,

172 1611 275 1649 unde
295 1613 379 1661 sibi,
401 1614 433 1651 51
450 1627 527 1652 11011
541 1614 675 1666 populi
694 1622 731 1653 et
748 1627 869 1667 reges,
888 1621 928 1653 at
945 1627 1076 1654 omnes
1095 1613 1156 1652 sui
1173 1613 1286 1662 cives,

172 1665 373 1704 0011511111111
397 1676 590 1719 expetant,

223 1742 254 1762 ‘⁶
269 1741 435 1779 Suarum
453 1755 581 1780 rerum
599 1742 755 1781 incerti·
786 1754 881 1794 quos
899 1754 969 1792 ego
987 1739 1075 1780 mea
1093 1753 1165 1793 ope
1183 1752 1233 1778 ex

229 1794 390 1833 Incertis
409 1803 541 1844 001105,
562 1804 828 1848 compotesque
845 1796 992 1844 consih,

222 1847 403 1898 Dimitto,
423 1856 467 1888 ut
485 1862 532 1888 ne
551 1863 608 1888 res
627 1857 768 1888 temere
785 1856 945 1888 tractent
962 1847 1146 1888 turbidas.
1149 1847 1175 1866 ”

168 1936 242 1976 Est
260 1937 362 1976 enim
382 1937 461 1976 51110
479 1938 595 1976 dubio
617 1938 754 1976 domus
775 1937 1034 1988 jurisconsulti
1058 1937 1174 1977 totius
1199 1949 1284 1975 013-

168 1992 300 2029 culum
327 1992 499 2030 civitatis.
541 1992 668 2030 Testis
693 2000 748 2031 est
771 1993 931 2042 hujusce
949 1991 1001 2040 Q.
1021 1991 1179 2030 Μ11011
1163 2002 1287 2040 Janua

168 2052 206 2083 et
224 2046 471 2107 vestibulum,
492 2046 609 2098 quod,
628 2046 670 2084 in
681 2047 763 2107 ejus
776 2045 1037 2084 infirmissima
1050 2044 1280 2092 valetudine,

166 2097 405 2151 affectaque
391 2113 473 2149 Jam
492 2107 614 2147 aetate,
634 2098 805 2138 maxima
823 2100 992 2152 quotidie
1005 2096 1218 2151 frequentia
1231 2098 1283 2136 ci-

165 2152 287 2202 vium,
301 2166 343 2192 ac
359 2167 599 2195 summorum
612 2154 816 2196 hominum
829 2154 1042 2208 splendore,
1058 2152 1280 2194 celebratur
