1407 2308
777 33 800 48 O

220 94 297 134 DE
325 93 618 144 ORATORE,
648 93 745 133 Lm.
767 93 825 132 ΙΙ.
855 92 959 133 CAP.
975 92 1040 132 56.
1100 95 1176 132 251

79 213 191 240 omne
207 202 247 240 in
260 202 375 240 istum
393 201 653 252 turpissimum
672 199 872 239 calumniae
885 206 1073 251 quaestum
1091 212 1180 240 oon-

79 255 210 293 tulisti.
226 255 292 293 Tu
304 255 429 294 lucem
443 255 631 306 adspicere
643 255 756 292 audes
766 257 784 293 ?
806 262 848 292 tu
863 254 931 292 hos
945 254 1083 292 intueri
1096 257 1115 293 ‚⁹
1136 262 1182 293 tu

79 306 120 344 in
138 307 233 356 foro,
253 315 295 346 tu
313 308 354 346 in
367 309 488 355 Urbe,
508 315 551 345 tu
569 308 609 345 in
628 308 769 346 civium
787 320 865 345 esse
879 314 1077 357 conspectu
1092 310 1110 346 Ρ
1137 316 1182 346 tu

78 359 185 398 illam
200 369 404 408 mortuam,
421 369 463 399 tu
482 361 665 411 imagines
682 361 795 412 ipsas,
811 373 887 398 non
905 361 1150 410 perhorrescis
1163 363 1182 400 ‚⁹

79 415 218 464 quibus
236 427 311 452 non
330 415 443 453 modo
461 414 668 461 imitandis,
699 414 763 452 sed
791 427 838 452 ne
857 413 1079 452 collocandis
1098 414 1183 465 qui-

77 466 180 514 dem,
201 468 270 505 tibi
288 469 413 506 ullum
429 468 555 506 locum
574 467 797 518 reliquisti.'’

131 520 245 558 LVI.
272 521 347 560 Sed
364 521 445 558 haec
462 521 602 571 tragica
620 528 733 572 atque
747 520 897 558 divina:
921 519 1041 558 faceta
1053 527 1182 559 autem

77 580 115 611 et
132 575 278 612 urbana
294 574 586 612 innumerabilia
611 587 657 612 ex
683 574 762 611 una
786 573 1022 611 contentione
1044 574 1182 612 memi-

77 627 211 665 nistis:
251 640 321 665 nec
349 627 450 664 enim
482 627 609 665 concio
638 628 759 676 major
789 639 961 678 unquam
992 626 1080 675 fuit,
1112 639 1182 665 nec

77 680 180 730 apud
206 681 391 731 populum
419 680 566 731 gravior
592 680 724 728 oratio,
758 693 875 730 quam
903 679 1020 728 hujus
1052 687 1182 718 contra

78 733 261 784 collegam
287 734 326 771 in
352 734 510 772 censura.
534 746 669 784 nuper,
696 746 819 785 neque
843 733 969 784 lepore
987 739 1023 770 et
1040 732 1183 772 festivi-

77 794 154 824 tate
171 787 364 824 conditior.

131 839 263 886 Quare
281 840 364 887 tibi,
384 838 546 887 Antoni,
572 847 778 890 utrumque
802 837 994 886 assentior,
1022 845 1059 877 et
1079 840 1182 877 mul-

77 899 162 930 tum
188 893 339 930 facetias
365 892 406 929 in
430 893 587 931 dicendo
612 893 786 943 prodesse
813 905 923 942 saepe,
951 899 988 929 et
1015 904 1075 930 eas
1103 900 1184 930 arte

77 946 184 983 nullo
210 946 324 983 modo
348 958 456 996 posse
477 946 586 983 tradi.
629 945 735 983 Illud
759 945 914 995 quidem
939 944 1118 994 admiror,
1145 952 1185 984 te

77 999 185 1036 nobis
203 999 244 1036 in
262 1012 306 1037 eo
323 1011 458 1049 genere
475 998 648 1036 tribuisse
666 1005 830 1047 tantum,
851 1005 887 1035 et
904 1010 981 1035 non
998 998 1115 1047 hujus
1128 998 1184 1036 rei

77 1065 230 1103 quoque
260 1052 444 1103 palmam,
481 1059 526 1089 ut
561 1058 793 1100 caeterarum,
827 1051 961 1089 Crasso
992 1051 1181 1090 detulisse.

77 1104 184 1142 Tum
202 1105 410 1153 Antonius,
436 1105 523 1156 Ego
547 1117 635 1143 vero
659 1104 714 1142 ita
737 1104 920 1152 fecissem,
946 1103 1086 1155 inquit,
1108 1105 1183 1143 nisi

76 1157 282 1206 interdum,
307 1158 347 1195 in
372 1158 458 1206 hoc,
486 1158 620 1196 Crasso
643 1157 803 1208 paulum
825 1157 1056 1195 inviderem:
1091 1170 1183 1196 nam

77 1223 155 1249 esse
179 1211 352 1263 quamvis
379 1211 543 1249 facetum
567 1218 681 1261 atque
705 1211 861 1259 salsum,
889 1221 966 1247 non
990 1211 1104 1249 nimis
1127 1218 1184 1250 est

76 1277 144 1315 per
162 1277 201 1302 se
217 1265 344 1316 ipsum
361 1264 633 1302 invidendum:
659 1263 737 1311 sed,
757 1275 846 1300 eum
864 1263 1037 1300 omnium
1055 1264 1105 1302 sis
1119 1277 1183 1303 ve-

77 1318 316 1356 nustissimus
343 1325 381 1356 et
406 1317 691 1364 urbanissimus,
719 1316 892 1353 omnium
917 1317 1184 1366 gravissimum

78 1377 116 1408 et
133 1371 409 1409 severissimum
433 1378 470 1408 et
496 1383 573 1407 esse
599 1377 635 1407 et
659 1368 778 1407 videri
804 1369 922 1419 (quod
946 1369 1009 1406 isti
1027 1371 1184 1420 contigit

78 1424 179 1470 uni),
199 1424 239 1461 id
256 1425 354 1463 mihi
371 1423 435 1460 vix
454 1422 652 1460 ferendum
670 1422 877 1460 videbatur.
919 1421 998 1459 Hic
1016 1435 1105 1460 cum
1123 1436 1184 1461 ar-

78 1477 217 1514 risisset
251 1477 332 1527 ipse
369 1476 538 1523 Crassus,
572 1476 772 1521 Attamen,
810 1475 937 1525 inquit
971 1475 1181 1525 Antonius,

79 1542 168 1567 cum
193 1538 313 1567 artem
338 1542 415 1567 esse
437 1529 670 1575 facetiarum,
690 1528 718 1566 J
721 1528 790 1575 uli,
810 1540 978 1578 negares,
1004 1530 1184 1580 aperuisti

79 1583 277 1633 quiddam,
315 1581 418 1633 quod
453 1581 747 1633 praecipiendum
784 1581 982 1619 videretur.
1036 1582 1185 1621 Haberi

79 1636 181 1673 enim
207 1635 336 1675 dixisti
360 1634 544 1673 rationem
570 1642 738 1685 oportere
761 1634 976 1683 hominum,
998 1635 1066 1684 rei,
1086 1642 1184 1674 tem-

79 1688 191 1739 poris,
220 1701 268 1726 ne
286 1688 379 1740 quid
401 1689 508 1738 jocus
533 1687 580 1726 de
603 1688 785 1738 gravitate
809 1687 1046 1738 decerperet·
1033 1717 1046 1734 ‚
1079 1689 1185 1740 quod

79 1742 264 1793 quidem
254 1755 294 1779 ln
312 1741 444 1793 primis
463 1755 486 1779 a
504 1740 638 1779 Crasso
656 1741 844 1779 observari
869 1741 973 1778 solet.
1013 1741 1088 1780 Sed
1111 1743 1184 1780 hoc

79 1802 310 1846 praeceptum
340 1795 706 1846 praetermittendum
741 1800 796 1831 est
826 1793 1059 1843 facetiarum,
1093 1808 1184 1833 cum

78 1847 138 1886 his
151 1849 248 1886 nihil
261 1861 355 1900 opus
369 1848 437 1886 sit:
458 1860 526 1886 nos
540 1855 682 1895 autem,
698 1846 888 1898 quomodo
906 1854 1074 1895 utamur,
1094 1860 1185 1886 cum

79 1913 175 1952 opus
193 1902 254 1949 sit,
274 1901 504 1953 quaerimus3
532 1908 577 1938 ut
594 1901 635 1938 in
653 1900 922 1947 adversarium,
943 1907 980 1938 et
1000 1901 1183 1950 maxime,

80 1954 113 1991 si
143 1955 224 2003 ejus
251 1954 411 1992 stultitia
437 1954 574 2005 poterit
601 1954 749 2004 agitari,
777 1953 817 1990 in
844 1959 977 1990 testem
1006 1954 1182 2002 stultum,

80 2007 276 2057 cupidum,
308 2008 446 2055 levem,
479 2008 511 2044 si
541 2007 650 2044 facile
680 2006 852 2044 homines
883 2005 1050 2043 audituri
1081 2007 1188 2044 vide-

81 2060 236 2098 buntur.
269 2059 441 2099 Omnino
458 2060 711 2111 probabiliora
728 2067 830 2107 sunt,
851 2072 936 2109 quae
953 2058 1113 2096 lacessiti
1125 2059 1184 2097 di-

81 2111 216 2160 cimus,
235 2126 353 2164 quam
377 2126 463 2164 quae
488 2113 652 2163 priores·
682 2125 772 2150 nam
797 2119 834 2150 et
859 2111 1000 2162 ingenii
1018 2112 1192 2150 celeritas

81 2165 202 2214 major
219 2173 288 2215 est,
307 2179 394 2217 quae
411 2173 566 2218 apparet
583 2166 622 2205 in
641 2164 923 2217 respondend03
954 2172 990 2204 et
1007 2163 1186 2205 humani·
