1407 2334
237 101 313 140 DE
342 101 633 151 ORATORE‚
663 102 760 141 Lm.
783 101 840 140 11.
868 100 1051 140 Cramssz
1117 101 1195 145 279

106 207 245 257 firmes,
265 219 386 259 neque
403 209 483 247 haec
501 209 726 256 confirmari,
746 208 817 246 nisi
835 209 902 246 illa
919 206 1165 259 reprehendas
1181 219 1195 251 ;

103 259 239 298 idcirco
256 261 338 299 haec
355 269 392 300 et
409 262 557 310 natura,
573 269 610 300 et
624 262 797 310 utilitate,
813 269 850 300 et
860 262 1091 309 tractatione,
1107 272 1195 299 con-

102 313 234 361 juncta
251 321 351 352 sunt.

155 365 299 404 Omnia
323 374 449 405 autem
476 367 731 406 concludenda
751 368 975 419 plerumque
997 368 1107 404 rebus
1126 379 1193 403 au-

101 419 246 469 gendis,
268 421 325 457 vel
339 420 608 458 inflammando
618 421 756 469 judice,
777 422 836 459 vel
853 420 1083 470 mitigando·
1113 432 1195 457 om-

103 472 240 522 niaque
258 485 344 510 cum
360 474 611 524 superioribus
629 475 802 511 orationis
817 475 919 521 locis,
935 481 1018 510 tum
1029 473 1196 510 maxime

102 532 283 573 extremo,
304 526 351 563 ad
369 535 512 565 mentes
528 527 702 575 judicum
721 540 836 577 quam
864 527 1030 564 maxime
1048 538 1195 576 permo-

103 578 254 627 vendas,
267 586 303 617 et
316 579 365 617 ad
376 580 576 618 utilitatem
590 587 754 618 nostram
766 580 961 628 vocandaS,
975 578 1197 617 eonferenda

103 638 202 668 sunt.

157 684 295 735 Neque
313 697 400 723 sane
415 687 495 734 jam
514 698 625 723 causa
649 685 795 724 videtur
820 699 909 734 esse,
937 698 1003 723 cur
1030 696 1194 723 secerna-

104 747 190 774 mus
209 750 253 774 ea
270 746 466 788 praecepta,
483 752 568 789 quae
585 739 632 776 de
650 739 882 777 suasionibus
897 738 1075 776 tradenda
1093 744 1195 785 sunt,

103 796 170 826 aut
187 790 490 836 laudationibus;
519 799 607 829 sunt
625 791 725 829 enim
751 792 928 842 pleraque
952 790 1193 829 communia:

103 842 169 879 sed
187 850 313 880 tamen
332 844 485 882 suadere
503 845 660 895 aliquid,
680 852 746 882 aut
773 844 998 891 dissuadere,
1024 843 1196 893 gravissi-

104 907 177 932 mae
194 896 289 933 mihi
308 896 453 934 videtur
471 909 547 935 esse
560 909 736 948 personae.
772 897 877 934 Nam
889 904 925 934 et
939 896 1114 946 sapientis
1126 902 1194 945 est,

103 949 301 986 consilium
321 950 505 1000 explicare
527 963 638 987 suum
657 950 705 988 de
721 950 898 987 maximis
915 952 1051 994 rebus3
1081 956 1117 987 et
1127 949 1196 986 ho-

102 1001 210 1050 nesti,
230 1009 267 1039 et
283 1002 423 1051 diserti,
444 1010 488 1040 ut
507 1010 633 1041 mente
650 1003 856 1054 providere,
877 1002 1093 1041 auctoritate
1110 1015 1197 1053 pro-

102 1055 203 1101 bare,
222 1055 387 1094 oratione
404 1056 638 1107 persuadere,
658 1056 783 1107 possit.

155 1107 377 1146 LXXXII.
405 1110 538 1168 Atque
555 1109 662 1147 haec
652 1122 692 1146 111
711 1116 840 1146 senatu
855 1109 999 1146 minore
1014 1114 1195 1159 apparatu

103 1160 248 1209 agenda
269 1168 383 1199 sunt:
413 1161 559 1213 sapiens
584 1162 684 1200 enim
713 1170 768 1200 est
797 1162 1020 1206 consilium3
1049 1161 1198 1198 multis-

101 1225 177 1272 que
202 1213 282 1251 aliis
305 1214 451 1252 dicendi
468 1215 735 1275 relinquendus
753 1216 867 1253 locus.
897 1213 1065 1253 Vitanda
1082 1214 1195 1252 etiam

103 1264 244 1316 ingenii
261 1268 514 1306 ostentationis
533 1268 704 1318 suspicio.

155 1318 294 1357 Concio
312 1321 410 1371 capit
428 1333 579 1358 omnem
599 1321 675 1359 vim
694 1320 883 1368 orationis,
911 1325 947 1357 et
975 1318 1194 1368 gravitatem

104 1371 394 1422 varietatemque
420 1373 614 1411 desiderat.
654 1373 771 1422 Ergo,
799 1373 839 1409 in
867 1372 1070 1419 suadendo,
1100 1371 1195 1408 nihil

102 1430 159 1460 est
188 1425 403 1474 optabilius,
435 1439 551 1476 quam
575 1425 760 1476 dignitas:
789 1437 878 1462 nam
902 1425 968 1475 qui
995 1424 1195 1461 utilitatem

36 1520 38 1522 ¹
104 1483 226 1526 putat,
242 1489 316 1514 non
336 1478 429 1528 quid
442 1479 608 1516 maxime
627 1478 716 1515 velit
735 1491 874 1525 suasor,
891 1477 955 1515 sed
973 1477 1065 1528 quid
1083 1477 1197 1514 inter-

103 1528 197 1566 dum
215 1530 334 1579 magis
353 1539 543 1591 sequatur,
564 1531 674 1569 videt.
703 1531 830 1568 Nemo
848 1537 903 1568 est
917 1529 1031 1577 enim,
1045 1542 1197 1580 praeser-

103 1581 172 1618 tim
204 1582 244 1619 in
276 1590 354 1620 tam
382 1584 482 1622 clara
508 1584 668 1632 civitate,
696 1583 788 1634 quin
815 1590 922 1634 putet
948 1582 1195 1633 expetendam

102 1635 269 1672 maxime
287 1635 532 1686 dignitatem:
562 1637 626 1674 sed
650 1636 764 1674 vincit
791 1636 933 1673 utilitas
957 1636 1194 1686 plerumque,

102 1699 190 1724 cum
216 1689 342 1726 subest
367 1689 431 1726 ille
458 1690 583 1738 timor,
609 1689 653 1727 ea
684 1689 867 1738 neglecta,
900 1701 947 1726 ne
973 1688 1195 1738 dignitatem

102 1740 257 1790 quidem
275 1754 382 1791 posse
403 1742 562 1779 retineri.

143 1792 416 1835 ‚Controversia
436 1802 563 1832 autem
583 1795 678 1832 inter
696 1795 895 1831 hominum
914 1792 1112 1831 sententias
1130 1800 1197 1830 aut

102 1844 142 1882 in
160 1846 227 1884 illo
245 1853 313 1894 est,
331 1855 462 1884 utrum
480 1847 528 1885 sit
541 1848 697 1885 utilius:
727 1854 793 1884 aut
811 1847 937 1894 etiam,
953 1859 1040 1884 cum
1055 1845 1093 1882 id
1108 1858 1195 1882 con-

101 1898 215 1947 venit,
246 1906 420 1959 certatur,
445 1907 575 1938 utrum
599 1900 783 1938 honestati
808 1899 932 1950 potius
964 1912 1010 1936 an
1040 1898 1193 1935 utilitati

102 1952 373 1990 consulendum
392 1953 450 1990 sit.
479 1953 578 2000 Quae
605 1954 694 2004 quia
718 1965 886 2003 pugnare
913 1964 1009 2001 saepe
1035 1951 1130 1988 inter
1155 1963 1194 1988 se

104 2003 292 2053 videntur,
311 2005 378 2056 qui
402 2005 601 2044 utilitatem
629 2005 808 2053 defendit,
834 2003 1069 2043 enumerabit
1093 2015 1195 2040 com-

102 2056 216 2094 moda
230 2057 345 2107 pacis,
365 2070 496 2108 opum,
515 2058 705 2110 potentiae,
730 2057 911 2109 pecuniae,
938 2055 1190 2106 vectigalium,

102 2108 277 2158 praeaidii,
288 2109 469 2159 militum,
485 2110 703 2162 [utilitates]
717 2117 932 2149 caeterarum
947 2121 1086 2156 rerum,
1100 2121 1194 2159 qua-

102 2172 188 2199 rum
205 2161 369 2201 fructum
388 2163 548 2203 utilitate
565 2164 757 2211 metimur,
776 2163 942 2213 itemque
955 2161 1191 2200 incommoda
