1407 2308
243 77 321 118 DE
349 78 845 129 ORATORE‚L11³.11.
871 79 1056 121 &xp-39.
1122 85 1202 122 233

93 193 295 238 tutamque
313 185 470 236 viderat,
488 186 570 225 haec
592 198 745 238 quoque
766 187 951 240 adspexit,
971 201 1058 240 quae
1075 190 1124 228 ad
1142 189 1201 228 di-

93 239 203 278 cendi
221 248 354 301 arteni,
375 253 492 292 quam
509 241 574 278 ille
592 240 832 291 despiciebat,
851 242 1111 292 pertinebant·
1141 243 1200 281 illi

91 300 233 341 autern,
250 294 317 344 qui
329 293 400 332 hoc
414 295 536 332 solum
551 294 751 332 colendum
763 295 963 343 ducebant,
975 296 1198 335 habitarunt

91 346 132 384 in
149 346 220 384 1130
238 347 315 384 una
332 348 475 385 ratione
493 347 700 395 tractanda,
721 360 796 385 non
821 349 952 386 eadem
977 349 1195 399 prudentia,

91 399 170 451 qua
186 400 264 447 ille,
284 400 349 438 sed
371 414 442 438 usu
467 401 507 438 in
532 401 603 438 hoc
627 414 704 438 uno
727 415 875 451 genere,
896 403 1095 453 studioque
1113 416 1195 441 ma-

86 453 179 502 jore.
221 453 423 492 Carneadis
450 467 536 492 vero
564 454 617 492 vis
642 454 868 492 incredibilis
894 455 960 492 illa
978 456 1139 503 dicendi,
1160 464 1197 495 et

89 506 261 555 varietas,
286 521 470 559 perquam
496 515 590 545 esset
614 508 778 558 optanda
801 508 932 554 ncbis;
963 509 1029 559 qui
1047 510 1195 547 nullam

91 571 264 611 unquam
293 561 334 598 in
361 561 436 598 illis
464 561 539 599 suis
568 561 882 611 disputationibus
908 575 987 599 rem
1015 562 1196 611 defendit,

90 626 208 664 quam
227 626 302 652 non
321 615 512 664 probarim
542 615 689 651 nullam
708 616 954 665 oppugnavit,
975 628 1091 666 quam
1115 629 1194 655 non

89 667 272 705 everterit.
313 667 388 705 Sed
405 668 476 705 hoc
497 669 621 716 majus
640 675 694 705 est
713 668 910 718 quiddam,
930 682 1048 719 quam
1066 671 1114 707 ab
1132 670 1193 718 115,

90 719 158 771 qui
176 720 256 758 haec
274 721 428 758 tradunt
447 729 484 759 et
501 721 647 769 docent,
668 721 937 771 postulandum
956 722 1014 759 sit.

143 773 348 811 XXXIX.
375 774 461 825 Ego
479 782 621 822 autem,
642 774 673 811 si
691 788 804 825 quem
819 787 920 812 nunc
934 776 1045 825 plane
1059 775 1194 814 rudem

89 825 236 864 institui
247 827 295 865 ad
306 828 507 865 dicendum
520 828 647 875 velim,
660 827 718 865 his
729 828 854 878 potius
867 829 1010 865 tradam
1023 829 1195 878 assiduis,

89 892 168 918 uno
183 893 293 931 opere
307 881 480 918 eamdem
490 881 667 918 incudem
679 881 779 918 diem
794 888 1017 932 noctemque
1031 883 1195 920 tunden-

89 932 205 981 tibus,
227 935 294 984 qui
312 947 442 972 omnes
457 934 692 972 tenuissimas
706 934 921 984 particulas,
942 942 1055 985 atque
1068 936 1197 974 omnia

85 986 248 1025 minima
264 999 410 1035 mansa,
429 994 473 1025 ut
497 987 660 1025 nutrices
684 987 892 1025 infantibus
913 989 1057 1050 pueris,
1084 989 1125 1025 in
1150 1002 1191 1027 os

85 1038 263 1078 inserant.
306 1041 374 1079 Sin
393 1041 440 1078 sit
457 1041 502 1089 is,
527 1041 594 1092 qui
615 1048 652 1078 et
677 1041 846 1078 doctrina
869 1041 966 1078 mihi
990 1042 1193 1102 liberaliter

86 1092 295 1154 institutus,
323 1102 360 1132 et
386 1095 513 1145 aliquo
536 1095 618 1143 jam
643 1094 812 1132 imbutus
834 1107 878 1132 us
873 1108 920 1141 11,
948 1102 984 1132 et
1006 1091 1094 1132 satis
1117 1095 1193 1133 acri

85 1146 238 1197 ingenio
265 1160 342 1186 esse
370 1148 564 1193 videatur3
599 1148 690 1185 illuc
717 1161 806 1186 eum
832 1148 946 1198 rapia
939 1161 992 1196 11,
1021 1148 1089 1186 ubi
1115 1161 1193 1186 non

87 1201 230 1238 seclusa
251 1201 380 1252 aliqua
400 1201 542 1252 aquula
566 1208 750 1249 teneatur,
771 1201 836 1239 sed
854 1201 955 1238 unde
973 1202 1193 1240 universum

85 1253 230 1292 flumen
248 1262 446 1305 erumpat:
477 1254 544 1305 qui
561 1254 618 1292 illi
641 1254 757 1302 sedes,
786 1261 823 1292 et
846 1261 1045 1305 tamquam
1070 1255 1192 1292 dorni-

85 1307 185 1355 cilia,
218 1308 391 1346 omnium
423 1314 732 1358 argumentorum
765 1315 1044 1355 commonstret,
1080 1315 1117 1345 et
1148 1321 1192 1346 ea

85 1361 246 1398 breviter
264 1362 439 1409 illustret,
459 1361 657 1411 verbisque
675 1361 839 1398 definiat.
875 1361 982 1407 Quid
1000 1361 1101 1398 enim
1121 1368 1190 1409 est,

85 1413 126 1451 in
152 1427 227 1464 quo
251 1414 404 1462 haereat,
424 1414 492 1464 qui
516 1413 663 1461 viderit,
683 1426 809 1461 omne,
829 1414 932 1464 quod
958 1421 1129 1451 sumatur
1150 1414 1189 1451 in

85 1467 252 1504 oratione
271 1475 337 1504 aut
355 1468 404 1504 ad
421 1467 659 1518 probandum
679 1474 745 1504 aut
770 1467 818 1504 ad
843 1467 1105 1515 refellendum,
1125 1474 1192 1505 aut

87 1533 134 1559 ex
153 1520 223 1558 sua
241 1521 341 1558 sumi
359 1521 396 1558 vi
415 1528 528 1572 atque
546 1520 696 1568 natura,
717 1527 783 1558 aut
801 1520 941 1558 assumi
962 1520 1051 1558 foris
1066 1523 1082 1559 ἓ
1125 1520 1191 1558 Ex

86 1575 157 1612 5113
175 1574 226 1619 vi,
246 1587 335 1612 eum
353 1581 433 1622 aut,
453 1587 510 1611 res
528 1587 614 1625 quae
628 1574 675 1611 sit
689 1581 780 1622 tota,
796 1581 999 1625 quaeratur,
1020 1581 1087 1611 aut
1103 1586 1191 1624 pars

86 1629 182 1678 ejus,
217 1635 284 1665 aut
315 1628 541 1666 vocabulum
570 1627 673 1678 quod
701 1627 851 1675 habeat,
883 1635 949 1665 aut
976 1627 1188 1678 quidpiam,

86 1694 168 1720 rem
194 1681 302 1718 illam
329 1681 431 1731 quod
458 1681 641 1731 attingat:
677 1681 904 1718 extrinsecus
932 1688 1073 1729 autem,
1101 1693 1190 1718 cum

86 1747 258 1786 ea,quae
287 1741 376 1772 sunt
403 1734 507 1782 foris,
535 1747 658 1786 neque
684 1734 868 1772 inhaerent
893 1734 934 1771 in
959 1734 1012 1772 rei
1035 1733 1187 1794 natura,

85 1787 326 1838 colliguntur.
355 1787 397 1826 Si
410 1801 467 1826 rae
481 1794 560 1825 tota
572 1788 766 1839 quaeritur,
782 1787 997 1826 definitione
1015 1788 1190 1825 universa

84 1841 142 1881 vis
160 1841 384 1893 explicanda
400 1848 469 1889 est,
490 1841 565 1879 510·
595 1841 637 1879 Si
654 1842 828 1890 majestas
847 1848 902 1879 est
920 1841 1131 1891 amplitudo
1145 1852 1188 1878 30

85 1895 248 1945 dignitas
267 1894 438 1943 civitatis,
457 1895 488 1933 15
507 1907 591 1932 eam
609 1895 762 1943 minuit,
783 1894 850 1946 qui
874 1895 1079 1932 exercitum
1101 1894 1189 1931 hos-

84 1948 187 1986 tibus
211 1948 345 1999 populi
369 1948 536 1986 Romani
560 1948 725 1996 tradidit,
745 1960 821 1986 non
847 1948 915 1998 qui
940 1960 1042 1994 eum,
1063 1947 1130 1997 qui
1147 1946 1188 1984 id

85 2001 243 2049 fecisset,
262 2001 396 2052 populi
414 2001 580 2039 Romani
598 2001 771 2052 potestati
789 2001 953 2038 tradidit.
987 2000 1055 2038 Sin
1073 2013 1158 2050 pars
1173 2012 1184 2044 3

82 2053 295 2105 partitione,
314 2055 386 2092 hoc
402 2054 540 2092 modo:
567 2055 654 2093 Aut
672 2055 818 2092 senatui
834 2054 1044 2104 parendum
1064 2053 1110 2090 de
1128 2065 1187 2090 sa-

82 2107 162 2145 lute
185 2107 400 2158 reipublicae
423 2107 512 2156 fuit,
539 2115 606 2146 aut
630 2107 736 2146 aliud
764 2107 962 2146 consilium
987 2106 1186 2144 instituen-

77 2159 186 2211 dum,
211 2167 278 2200 aut
304 2160 374 2202 su‘a
397 2168 529 2213 sponte
555 2161 799 2206 faciendum3
833 2160 937 2251 {liud
966 2159 1181 2209 consilium,

780 2226 807 2252 x
