1407 2324
159 66 237 107 DE
258 68 463 107 CLARIS
483 67 869 117 ORATORIBUS,
887 67 990 106 CAP.
1007 69 1044 105 5.
1073 67 1153 105 359

53 174 227 212 nondum
251 188 359 226 posse
376 175 528 219 videor;
556 175 671 225 idque
696 182 738 212 ut
757 175 940 225 ignoscas,
960 188 983 213 a
1000 182 1037 213 te
1053 180 1153 225 peto.

54 228 141 266 Nec
159 229 261 266 enim
275 242 322 266 ex
340 229 446 267 novis
466 232 525 272 (ut
540 229 712 279 agricolae
731 229 866 274 solent)
882 228 1065 266 fructibus
1084 234 1153 273 est,

58 281 159 318 unde
179 282 248 320 tibi
273 282 428 320 reddam
454 282 557 333 quod
582 282 728 332 accepi:
760 282 811 319 sic
829 282 951 320 omnis
975 281 1073 319 fetus
1098 293 1155 318 re-

56 348 219 385 pressus,
236 343 465 387 exustusque
480 336 541 373 siti
553 335 621 372 flos
636 335 767 373 veteris
782 335 961 373 ubertatis
982 334 1128 372 exaruit
1141 346 1154 377 ς

58 400 127 426 nec
153 402 199 426 ex
225 389 396 435 conditis,
424 390 491 440 qui
515 391 641 438 jacent
664 388 703 426 in
730 388 904 435 tenebris,
932 396 968 426 et
991 388 1039 425 ad
1064 399 1159 438 quos

58 442 182 479 omnis
201 442 308 480 nobis
327 443 465 487 aditus,
486 443 553 494 qui
571 455 676 493 paene
695 442 781 479 solis
795 442 931 492 patuit,
948 444 1159 479 obstructus

57 502 125 532 est.
166 495 341 533 Seremus
369 496 484 546 igitur
503 495 660 546 aliquid,
681 503 878 546 tamquam
897 495 937 532 in
951 495 1095 532 inculto
1123 499 1160 530 et

61 547 236 586 derelicto
255 549 359 594 solo;
390 549 493 600 quod
517 549 569 586 ita
594 548 791 599 diligenter
816 549 995 595 colemus,
1021 555 1066 585 ut
1088 547 1162 584 im-

61 602 209 651 pendiis
228 602 341 639 etiam
361 615 497 653 augere
515 602 702 652 possimus
719 602 932 651 largitatem
951 601 1008 639 tui
1025 613 1163 638 mune-

61 655 136 699 ris;
167 655 281 693 modo
298 656 400 694 idem
419 663 543 694 noster
568 656 718 693 animus
743 655 886 692 efficere
909 655 1039 705 possit,
1059 653 1162 704 quod

62 721 164 759 ager,
178 709 259 760 qui,
273 722 361 747 cum
374 709 514 747 multos
533 721 650 746 annos
665 708 821 760 quievit,
835 708 1022 746 uberiores
1034 707 1164 745 efferre

64 762 191 812 fruges
210 763 315 800 solet.

117 793 154 852 ’1
158 829 224 853 um
242 816 320 863 ille,
334 815 420 876 Ego
433 829 520 854 vero
539 824 576 854 et
594 817 816 866 exspectabo
835 828 892 862 ea,
912 827 998 866 quae
1011 814 1167 866 pollice-

63 869 139 913 ris;
176 881 299 920 neque
328 870 493 930 exigam,
524 870 596 906 nisi
626 876 691 907 tuo
724 869 948 913 commodo;
989 876 1026 906 et
1055 874 1166 907 erunt

64 922 161 960 mihi
192 930 379 973 pergrata,
418 923 449 960 si
481 923 643 961 solveris.
692 922 797 959 Mihi
833 934 998 973 quoque,
1041 922 1168 973 inquit

66 976 226 1023 Brutus,
249 984 285 1014 et
303 977 553 1027 exspectanda
571 983 660 1014 sunt
684 989 740 1019 ea
761 988 848 1026 quae
865 975 996 1013 Attico
1014 975 1168 1026 pollice-

64 1029 130 1077 riS,
151 1030 219 1067 etsi
237 1029 391 1068 fortasse
409 1043 478 1080 ego
490 1043 512 1067 a
526 1037 562 1067 te
573 1030 688 1078 hujus
706 1029 940 1067 voluntarius
954 1035 1172 1079 procurator

66 1090 212 1134 petam,
233 1083 363 1134 quod
353 1096 446 1135 1pse,
468 1083 529 1121 cui
549 1083 677 1131 debes,
701 1096 739 1120 se
757 1082 997 1121 incommodo
1017 1088 1171 1120 exactu-

71 1149 160 1174 rum
179 1142 304 1187 negat.

124 1190 175 1228 V.
204 1191 263 1227 At
281 1203 381 1238 vero,
395 1189 569 1241 inquam,
585 1190 655 1227 tibi
669 1202 752 1240 ego,
768 1190 902 1236 Brute,
917 1202 993 1227 non
1012 1190 1171 1238 solvam,

69 1243 143 1281 nisi
161 1243 266 1295 prius
284 1256 307 1280 a
326 1251 362 1281 te
380 1257 523 1291 cavero,
543 1243 708 1294 amplius
727 1256 770 1281 eo
795 1244 948 1280 nomine
966 1244 1173 1292 neminem,

71 1298 182 1346 cujus
200 1297 331 1348 petitio
346 1297 406 1345 sit,
422 1297 641 1348 petiturum.
672 1296 778 1344 Non,
791 1297 1019 1344 mehercule,
1034 1296 1175 1347 inquit,

70 1351 142 1388 tibi
160 1350 417 1401 repromittere
434 1351 531 1388 istuc
545 1349 700 1401 quidem
712 1363 825 1387 ausus
839 1350 910 1386 sim
925 1363 934 1386 :
956 1362 1047 1387 nam
1058 1349 1176 1397 hunc,

74 1404 143 1455 qui
161 1411 287 1454 negat,
308 1404 416 1441 video
434 1403 698 1453 flagitatorem,
718 1415 795 1440 non
812 1403 924 1440 illum
938 1403 1094 1454 quidem
1108 1403 1179 1441 tibi

74 1458 292 1504 molestum,
314 1457 378 1494 sed
396 1457 590 1494 assiduum
609 1464 736 1493 tamen
756 1463 793 1493 et
810 1469 933 1494 acrem
952 1456 1042 1494 fore.
1071 1456 1180 1494 Tum

74 1510 328 1562 Pomponius,
349 1510 435 1560 Ego
454 1523 554 1557 vero,
574 1509 713 1560 inquit,
727 1510 895 1547 Brutum
914 1510 1010 1547 nihil
1027 1509 1182 1548 mentiri

75 1573 183 1616 puto.
213 1563 357 1602 Videor
382 1563 484 1601 enim
509 1564 590 1612 jam
614 1570 650 1600 te
676 1576 835 1600 ausurus
861 1575 938 1601 esse
963 1564 1181 1614 appellareg

78 1618 260 1669 quoniam
279 1617 393 1668 longo
410 1617 608 1654 intervallo
619 1616 733 1653 modo
752 1616 920 1676 primum
935 1616 1186 1654 animadverti

78 1671 194 1723 paulo
214 1677 250 1708 te
263 1671 490 1708 hilariorem.
521 1670 672 1720 Itaque,
694 1669 874 1720 quoniam
885 1669 961 1717 hic,
975 1670 1078 1721 quod
1089 1671 1186 1707 mihi

80 1725 294 1772 deberetur,
323 1737 362 1762 se
389 1731 612 1762 exacturum
640 1722 828 1774 professus
855 1729 935 1767 est3
967 1723 1071 1774 quod
1097 1724 1188 1762 huic

85 1778 214 1825 debes,
235 1791 304 1828 ego
322 1790 345 1815 a
362 1784 398 1815 te
416 1784 515 1828 peto.

138 1831 337 1879 Quidnam
364 1831 435 1868 id?
463 1831 635 1881 inquam.
682 1830 739 1868 Ut
766 1830 918 1878 scribas,
948 1829 1088 1880 inquit,
1119 1829 1189 1867 ali-

82 1884 203 1936 quid:
246 1884 476 1935 jampridem
513 1883 615 1921 enim
651 1883 911 1922 conticuerunt
947 1889 1022 1920 tuae
1057 1882 1189 1921 literae.

87 1938 208 1985 Nam,
236 1945 281 1975 ut
298 1938 382 1976 illos
401 1937 448 1974 de
465 1937 660 1988 republica
676 1937 793 1975 libros
811 1936 973 1996 edidisti,
1000 1935 1096 1972 nihil
1114 1949 1137 1972 a
1154 1943 1192 1974 te

86 2003 177 2029 sane
190 1998 319 2042 postea
332 1991 567 2042 accepimus·
585 1991 713 2042 eisque
726 1989 948 2040 nosmetipsi
962 1988 1010 2026 ad
1024 1996 1195 2027 veterum

87 2044 287 2082 annalium
303 2044 527 2083 memoriam
553 2042 945 2095 comprehendendam
964 2041 1121 2092 impulsi
1138 2049 1195 2080 at-

90 2110 166 2199 ?ue
190 2097 332 2136 incensi
356 2111 499 2136 sumus.
540 2097 615 2137 Sed
639 2097 706 2135 illa
731 2109 819 2136 curn
843 2095 996 2147 poteris,
1021 2101 1135 2148 atque
1152 2101 1197 2135 ut

114 2150 268 2203 possis,]
288 2163 392 2202 rogo.
