1429 2344
130 105 178 144 10
233 102 311 142 DE
339 98 732 149 INVENTIONE,
764 98 862 137 Lm.
880 97 914 136 Ι.
944 96 1048 136 CAP.
1068 95 1130 133 11.

126 212 233 258 libet,
262 209 479 249 intentionis
503 207 675 259 depulsio
705 214 786 253 est3
817 218 904 257 quae
931 201 1149 242 intentionis
1173 198 1240 238 de-

129 265 253 315 pulsio
271 277 349 302 non
374 271 443 312 est,
470 276 514 301 ea
535 275 603 300 nec
621 260 849 307 constitutio,
870 271 937 296 nec
955 270 1042 309 pars
1060 254 1240 295 constitu-

129 319 240 357 tionis
256 326 321 357 est.
365 318 423 355 At
438 317 483 363 si,
504 329 590 367 quae
605 314 822 352 intentionis
838 311 1008 364 depulsio
1021 322 1098 348 non
1113 314 1182 355 est,
1198 320 1243 345 ea

131 385 200 410 nec
229 372 444 410 constitutio
470 383 537 407 nec
565 382 650 420 pars
676 366 950 406 constitutionis
979 372 1057 409 est3
1087 362 1244 400 demon-

133 426 262 464 stratio
281 434 318 463 et
336 424 552 462 deliberatio
572 435 694 473 neque
713 420 941 467 constitutio,
964 431 1033 456 nec
1050 429 1137 468 pars
1156 426 1245 452 con-

134 479 352 525 stitutionis,
373 485 438 516 est.
487 477 528 514 Si
546 476 662 526 igitur
687 473 902 512 constitutio
921 480 958 510 et
981 472 1076 522 ipsa,
1106 476 1143 506 et
1160 480 1247 519 pars

133 534 228 581 ejus,
257 531 475 570 intentionis
501 529 673 580 depulsio
692 535 771 573 est;
801 526 1018 564 deliberatio
1037 530 1074 562 et
1091 523 1249 560 demon-

133 587 263 624 stratio
287 598 410 636 neque
440 583 668 630 constitutio,
698 594 821 632 neque
846 593 932 630 pars
959 575 1248 622 constitutionis,

135 647 200 677 est.
232 640 362 677 Placet
376 647 504 676 autem
518 637 604 687 ipsi,
621 635 926 674 constitutionem
940 629 1158 669 intentionis
1173 641 1251 666 esse

137 693 421 744 depulsionem:
463 691 610 742 placeat
645 690 775 739 igitur,
816 693 976 737 oportet,
1018 684 1252 722 demonstra-

139 747 281 784 tionem
315 754 351 784 et
378 744 687 782 deliberationem
715 754 792 780 non
823 753 900 778 esse
933 736 1253 783 constitutionem,

139 813 208 838 nec
235 807 382 851 partem
407 797 692 836 constitutionis.
735 796 869 845 Atque
893 793 965 830 hoc
992 791 1124 829 eodem
1142 801 1254 839 urge-

139 855 256 901 bitur,
273 854 349 890 sive
368 851 687 897 constitutionem,
708 849 875 898 primam
894 858 1016 883 causae
1032 842 1256 882 accusatoris

142 906 467 945 confirmationem
494 904 645 950 dixerit,
674 903 751 940 sive
776 899 980 938 defensoris
1005 898 1171 949 primam
1191 895 1257 932 de-

141 961 419 1012 precationem:
449 971 540 996 nam
571 969 662 995 eum
693 955 825 993 eadem
854 952 984 992 omnia
1013 948 1256 990 incommoda

143 1021 360 1066 sequentur.

195 1068 346 1105 Deinde
375 1063 636 1114 conjecturalis
666 1075 778 1101 causa
806 1073 883 1099 non
912 1064 1035 1111 potest
1062 1056 1178 1095 simul
1208 1068 1256 1094 ex

143 1122 276 1160 eadem
294 1128 415 1171 parte,
437 1119 569 1157 eodem
594 1118 635 1155 in
660 1128 809 1167 genere,
837 1121 874 1152 et
899 1111 1160 1162 conjecturalis
1179 1122 1258 1147 esse

143 1184 181 1214 et
195 1175 399 1213 definitiva.
429 1174 578 1210 Rursus
593 1184 661 1209 nec
675 1169 868 1208 definitiva
881 1179 994 1205 causa
1006 1171 1129 1217 potest
1143 1163 1259 1202 simul

145 1243 193 1268 ex
220 1228 353 1266 eadem
379 1234 499 1278 parte,
531 1225 661 1264 eodem
679 1225 720 1262 in
738 1235 887 1274 genere,
909 1228 946 1258 et
965 1218 1158 1257 definitiva
1182 1229 1261 1254 esse

145 1291 182 1321 et
201 1282 430 1320 translativa.
470 1280 525 1319 Et
542 1279 697 1317 omnino
716 1276 824 1314 nulla
841 1273 1071 1320 constitutio,
1092 1284 1161 1309 nec
1173 1283 1261 1321 pars

145 1335 437 1382 constitutionis,
465 1340 589 1384 potest
609 1331 723 1370 simul
743 1338 779 1368 et
797 1341 906 1367 suam
924 1328 1077 1374 habere,
1106 1332 1144 1362 et
1169 1324 1262 1361 alte-

146 1391 224 1428 rius
243 1390 283 1426 in
303 1402 341 1426 se
368 1388 447 1426 vim
473 1387 687 1431 continere3
717 1384 801 1421 ideo
825 1381 929 1433 quod
954 1390 1197 1430 unaquaeque
1215 1389 1263 1414 ex

148 1457 201 1491 se,
222 1450 259 1481 et
277 1456 324 1480 ex
343 1442 413 1480 sua
430 1440 580 1488 natur-21,
601 1438 821 1489 simpliciter
839 1434 1117 1478 consideratur;
1147 1430 1266 1469 alter‘a

149 1497 332 1544 assumta,
348 1508 530 1532 numerus
544 1492 857 1531 constitutionum
871 1488 1101 1538 duplicatur,
1117 1497 1196 1523 non
1209 1483 1266 1521 vis

150 1549 427 1589 constitutionis
453 1555 624 1598 augetur.
671 1547 730 1584 At
755 1542 999 1582 deliberativa
1019 1552 1132 1578 causa
1151 1536 1267 1576 simul

151 1617 199 1642 ex
225 1603 358 1641 eadem
377 1609 497 1653 parte,
527 1601 659 1638 eodem
679 1600 719 1636 in
737 1610 886 1649 genere,
915 1602 952 1634 et
976 1592 1267 1643 conjecturalem

152 1665 190 1695 et
209 1657 422 1708 generalem
442 1662 478 1693 et
497 1654 732 1691 definitivam
751 1659 788 1689 et
806 1648 1065 1688 translativam
1085 1646 1179 1685 solet
1196 1645 1266 1681 ha-

152 1713 240 1749 bere
266 1709 586 1755 constitutionem,
617 1714 653 1744 et
681 1718 801 1743 unam
830 1701 1050 1753 aliquando,
1080 1707 1118 1738 et
1140 1699 1269 1749 plures

154 1776 444 1814 nonnunquam.
473 1762 579 1811 Ergo
593 1760 675 1811 ipsa
688 1772 757 1796 nec
775 1755 993 1796 constitutio
1011 1760 1079 1801 est,
1099 1765 1168 1790 nec
1182 1763 1269 1802 pars

156 1816 444 1856 constitutionis.
474 1815 586 1852 Idem
604 1815 645 1850 in
659 1809 976 1850 demonstratione
991 1808 1085 1845 solet
1098 1819 1170 1843 usu
1186 1817 1269 1842 eve-

157 1872 249 1909 nire.
281 1871 430 1908 Genera
447 1869 564 1919 igitur
585 1870 645 1910 (ut
664 1874 750 1904 ante
765 1865 949 1909 diximus)
968 1862 1051 1899 haec
1069 1870 1268 1898 causarum

159 1924 331 1976 putanda
350 1930 452 1970 sunt,
473 1935 550 1959 non
569 1927 693 1972 partes
713 1919 873 1966 alicujus
892 1913 1178 1954 constitutionis.

213 1977 291 2015 XI.
322 1977 421 2014 Haec
446 1988 534 2026 ergo
561 1973 791 2019 constitutio,
821 1983 939 2022 quam
963 1967 1178 2019 generalem
1205 1977 1274 2002 no-

159 2032 366 2079 minamus,
395 2036 520 2081 partes
544 2028 653 2067 nobis
677 2026 825 2065 videtur
849 2024 943 2061 duas
959 2022 1113 2069 habere,
1138 2017 1276 2067 juridi-

161 2085 313 2133 cialem,
342 2091 379 2122 et
396 2082 636 2133 negotialem.
679 2080 707 2118 J
710 2077 914 2118 uridicialis
933 2082 1001 2122 est,
1020 2075 1061 2112 in
1079 2071 1157 2125 qua
1175 2070 1276 2122 aequi

162 2146 202 2176 et
219 2138 344 2189 iniqui
369 2145 519 2184 natura,
546 2134 697 2187 praemii
716 2140 782 2171 aut
806 2143 927 2183 poenae
944 2128 1039 2167 ratio
1064 2126 1275 2178 quaeritur:

486 2190 494 2197 ²
612 2187 627 2199 Α

163 2191 364 2243 negotians
388 2199 457 2240 est,
484 2202 526 2228 ιη
556 2202 646 2240 qua,
673 2187 768 2239 quid
796 2187 892 2236 juns
917 2195 965 2223 ex
989 2181 1091 2222 civili
1113 2191 1219 2219 more
1244 2184 1282 2216 et
