1407 2324
182 73 259 114 DE
278 73 482 114 CLARIS
500 73 886 122 ORATORIBUS,
909 73 1014 114 CAP.
1033 75 1099 114 34.
1120 74 1198 119 387

105 188 146 218 ta
162 180 272 229 dixit,
292 188 329 219 et
345 181 519 228 illustria,
540 187 578 219 et
595 181 635 218 in
662 193 820 219 numero
838 187 1081 232 patronorum
1101 181 1174 218 fuit
1189 195 1202 226 ;

108 241 153 270 ut
171 246 257 272 eum
275 234 403 281 mirer,
423 246 511 272 cum
529 241 565 271 et
583 234 661 271 vita
678 233 998 284 suppeditavisset,
1026 242 1063 272 et
1080 235 1204 285 splen-

107 285 176 324 dor
194 287 227 324 ei
245 299 321 324 non
338 287 528 334 defuisset,
549 287 738 324 consulem
757 299 831 324 non
850 287 975 324 fuisse.

159 339 367 377 XXXIII.
388 340 462 378 Sed
476 352 557 378 ecce
571 340 610 376 in
624 340 800 377 manibus
811 340 881 386 vir,
898 347 934 377 et
945 340 1204 390 praestantissi-

107 403 172 429 mo
185 392 348 442 ingenio,
368 401 404 430 et
421 393 594 443 flagranti
612 393 748 439 studio,
770 400 806 429 et
823 392 952 430 doctus
970 406 993 430 a
1005 406 1135 443 puero,
1157 393 1202 431 C.

111 445 314 483 Gracchus.
335 446 429 483 Noli
442 446 543 483 enim
553 453 699 496 putare,
713 457 958 496 quemquam,
975 446 1108 493 Brute,
1124 446 1204 496 ple-

108 497 252 536 niorem
271 506 308 536 et
318 499 525 536 uberiorem
540 499 587 535 ad
605 499 805 536 dicendum
823 499 949 536 fuisse.
977 499 1030 536 Et
1043 499 1121 545 ille,
1141 499 1204 537 Sic

107 563 271 600 prorsus,
280 551 417 602 inquit,
427 552 619 589 existimo·
609 559 742 602 ,atque
751 551 864 588 istum
869 552 929 599 ,de
937 552 1203 602 superioribus,

107 616 215 654 paene
240 604 361 642 solum
385 605 479 654 lego.
510 605 636 642 Immo
654 604 808 654 plane,
798 617 970 664 inquam,
989 605 1124 653 Brute,
1149 605 1203 642 le-

108 669 188 706 gaS,
202 669 342 694 censeo.
364 657 561 694 Danmum
575 658 689 705 enim,
702 657 803 694 illius
817 658 1020 695 immaturo
1032 658 1200 705 interitu,

108 721 164 746 res
185 709 368 747 Romanae
384 711 603 761 Latinaeque
616 710 732 748 literae
744 711 921 748 fecerunt.
951 710 1110 747 Utinam
1125 723 1201 747 non

108 769 186 799 tam
205 762 311 800 fratri
321 763 512 813 pictatem,
526 776 641 823 quam
653 763 796 814 patriae,
811 770 985 813 praestare
997 776 1019 800 v
1011 763 1199 800 oluisset.
1190 763 1198 788 '

109 814 239 860 Quam
258 816 322 853 1110
339 816 460 864 facile,
480 817 572 854 13]1“
563 817 726 866 ingenio,
747 816 887 853 diutius
906 816 936 854 si
954 816 1119 863 vixisset,
1143 816 1203 853 vel

106 876 302 918 paternam
315 876 408 907 esset
426 870 484 907 vel
502 870 641 906 avitam
660 869 818 918 gloriam
836 875 1078 906 consecutus.
1069 869 1077 893 ¹
1108 844 1202 906 ’Elo-

109 921 263 970 quentia
278 922 431 972 quidem
445 923 567 960 nescio
578 934 626 959 an
645 921 835 959 habuisset
852 934 980 972 parem
1000 922 1201 958 neminem.

109 974 273 1011 Grandis
304 982 358 1012 est
386 975 520 1021 verbis,
553 975 698 1025 sapiens
727 975 929 1023 sententiis,
959 986 1093 1024 genere
1122 981 1202 1011 toto

106 1026 253 1076 gravis:
282 1039 418 1064 manus
445 1036 611 1065 extrema
636 1039 711 1064 non
735 1027 885 1065 accessit
902 1027 1076 1077 operibus
1095 1028 1199 1075 ejus:

106 1080 282 1128 praeclare
303 1079 475 1118 inchoata
498 1082 633 1128 multa,
663 1080 826 1130 perfecta
850 1093 925 1118 non
950 1080 1073 1130 plane.
1127 1080 1204 1117 Le-

107 1132 266 1181 gendus,
286 1133 458 1184 inquam,
479 1141 533 1171 est
551 1134 611 1171 hic
629 1141 765 1180 orator,
788 1133 923 1181 Brute,
951 1133 981 1170 si
1000 1133 1202 1183 quisquam

107 1184 217 1233 alius,
234 1186 435 1233 juventuti.
465 1186 556 1224 Non
575 1186 676 1224 enim
695 1186 818 1224 solum
840 1199 984 1233 acuere,
1009 1186 1072 1223 sed
1091 1186 1202 1223 etiam

107 1237 219 1285 alere,
238 1239 433 1288 ingenium
457 1246 589 1289 potest.

160 1290 264 1328 Huic
287 1292 459 1329 successit
485 1292 584 1329 aetati
614 1291 658 1329 C.
687 1290 824 1338 Galba,
853 1290 970 1329 Servii
998 1291 1100 1328 illius
1127 1292 1203 1329 elo-

106 1343 341 1392 quentissimi
358 1344 428 1381 viri
446 1345 561 1392 filius,
589 1344 634 1381 P.
665 1343 789 1381 Crassi
808 1344 1014 1394 eloquentis
1033 1351 1070 1381 et
1085 1344 1203 1392 juris-

105 1395 214 1445 periti
227 1408 351 1446 gener.
381 1397 608 1434 Laudabant
620 1397 722 1434 hunc
733 1403 855 1447 patres
867 1397 983 1434 nostri
997 1411 1008 1441 3
1024 1397 1202 1434 favebant

105 1448 217 1485 etiam
231 1456 383 1499 propter
392 1450 507 1500 patris
524 1449 746 1487 memoriam
763 1462 774 1494 ;
804 1449 867 1486 sed
879 1450 1009 1487 cecidit
1023 1450 1062 1486 in
1077 1462 1201 1487 cursu.

104 1501 210 1538 Nam
235 1502 424 1552 rogatione
449 1502 640 1549 Mamilia,
669 1502 697 1539 J
700 1502 912 1552 ugurthinae
938 1502 1204 1551 conjurationis

103 1553 259 1601 invidia,
291 1567 377 1592 cum
407 1568 474 1606 pro
501 1568 577 1593 sese
603 1556 681 1605 ipse
710 1555 876 1603 dixisset,
908 1568 1104 1606 oppressus
1134 1562 1200 1592 est.

104 1606 242 1644 Exstat
260 1608 339 1656 ejus
357 1608 554 1658 peroratio,
574 1609 641 1658 qui
655 1607 822 1658 epilogus
833 1608 994 1653 dicitur3
1015 1608 1082 1658 qui
1096 1615 1201 1646 tanto

104 1659 143 1696 in
170 1659 323 1706 honore,
346 1662 470 1711 pueris
493 1661 614 1708 nobis,
641 1668 732 1707 erat,
752 1669 796 1698 ut
820 1674 908 1698 eum
932 1661 1045 1698 etiam
1065 1661 1202 1698 edisce-

104 1724 241 1750 remus.
271 1713 362 1760 Hic,
383 1714 449 1764 qui
462 1715 501 1750 in
517 1714 671 1764 collegio
686 1713 917 1751 sacerdotum
932 1721 1038 1761 esset,
1054 1714 1201 1764 primus

105 1772 191 1815 post
216 1766 382 1803 Romam
407 1767 595 1805 conditam
618 1766 760 1815 judicio
780 1767 932 1817 publico
955 1775 1010 1804 est
1027 1766 1202 1804 condem-

107 1825 230 1855 natus.

159 1870 360 1909 XXXIV.
391 1872 436 1909 P.
451 1872 589 1923 Scipio,
603 1872 670 1922 qui
684 1880 738 1910 est
752 1872 791 1909 in
807 1873 1001 1910 consulatu
1013 1879 1200 1920 mortuus,

105 1935 181 1961 non
206 1924 372 1961 multum
397 1925 461 1962 ille
486 1925 640 1976 quidem
665 1937 734 1963 nec
759 1938 856 1976 saepe
881 1925 1050 1962 dicebat:
1082 1925 1146 1962 sed
1165 1932 1202 1962 et

107 1976 243 2014 Latine
260 1977 448 2028 loquendo
465 1978 582 2016 cuivis
601 1985 678 2015 erat
695 1991 788 2028 par3
819 1985 856 2016 et
869 1990 998 2014 omnes
1012 1978 1088 2014 sale
1101 1977 1201 2015 face-

104 2029 240 2079 tiisque
258 2032 466 2080 superabat.
494 2030 593 2079 Ejus
610 2031 765 2081 collega,
786 2030 833 2068 L.
854 2030 996 2076 Bestia,
1016 2030 1124 2068 bonis
1141 2031 1202 2067 in-

101 2081 177 2119 itiis
195 2093 300 2119 orsus
318 2083 527 2121 tribunatus
547 2086 652 2126 (nam
668 2083 712 2120 P.
731 2083 952 2133 Popillium,
975 2083 1011 2120 vi
1025 2083 1069 2120 C.
1087 2083 1204 2121 Grac-

104 2133 165 2173 chi
183 2134 398 2184 expulsum,
418 2136 488 2174 sua
505 2135 695 2187 rogatione
712 2136 904 2184 restituit),
921 2136 978 2175 vir
996 2142 1033 2174 et
1049 2148 1145 2184 acer,
1166 2143 1203 2174 et
