1429 2344
153 77 206 115 30
262 76 339 115 DE
361 77 750 127 INVENTIONE,
781 79 879 117 Lm.
897 78 930 117 Ι.
961 78 1064 118 Cim
1083 79 1150 118 30.

147 184 304 223 cessario
316 185 572 233 confirmatur,
593 186 663 224 hoc
681 192 790 237 pacto
805 202 814 224 ε
848 187 1009 224 Necesse
1028 193 1082 225 est
1100 192 1167 224 aut
1184 185 1256 223 ini-

147 238 378 276 micitiarum
393 240 505 277 causa
519 241 566 277 ab
581 240 652 278 hoc
667 253 744 278 esse
758 240 937 289 occisum,
953 247 1019 278 aut
1032 243 1168 287 metus,
1189 246 1257 277 aut

148 292 241 342 spei,
270 300 336 330 aut
361 293 521 341 alicujus
540 293 651 331 amici
670 294 805 344 gratia,
832 301 910 341 aut,
939 294 969 332 si
994 294 1131 331 horum
1157 293 1255 330 nihil

147 352 216 392 est,
238 347 285 383 ab
304 346 375 384 hoc
393 359 470 383 non
490 359 567 384 esse
578 348 742 385 occisum
757 362 769 392 ;
790 360 879 385 nam
893 347 972 385 sine
984 347 1097 385 causa
1108 346 1255 384 malefi-

147 399 250 435 cium
265 407 480 450 susceptum
496 413 573 438 esse
587 413 663 438 non
677 408 818 452 potest:
836 402 899 439 sed
914 414 1036 452 neque
1048 400 1255 438 inimicitiae

146 452 314 494 fuerunt..
346 465 414 491 nec
440 460 563 491 metus
589 455 705 501 ullus,
732 467 800 492 nec
825 468 907 505 spes
933 468 980 492 ex
1005 461 1126 492 morte
1150 454 1254 491 illius

146 506 306 554 alicujus
325 507 528 554 commodi,
550 519 673 558 neque
692 508 739 544 ad
758 509 924 545 amicum
943 508 1058 556 hujus
1084 508 1252 558 aliquem

145 572 247 597 mors
273 560 375 597 illius
393 561 626 610 pertinebat:
657 561 884 612 relinquitur
902 561 1032 612 igitur,
1053 568 1098 598 ut
1115 563 1162 598 ab
1181 561 1253 597 hoc

145 625 222 650 non
248 613 296 650 sit
320 614 472 651 occisus.
515 615 687 665 Simplex
707 622 834 653 autem
854 615 1043 653 conclusio
1061 627 1109 652 ex
1128 627 1254 652 neces-

144 666 242 704 sari-21
267 668 528 706 consecutione
553 669 761 716 conficitur,
780 669 851 707 hoc
869 668 1007 706 modo:
1039 668 1080 706 Si
1105 680 1169 706 vos
1191 680 1254 705 me

143 720 247 758 istud
274 733 317 758 eo
343 727 511 772 tempore
538 722 666 760 fecisse
691 722 827 770 dicitis,
855 735 924 773 ego
949 728 1078 759 autem
1102 734 1146 759 eo
1170 721 1253 772 ipso

142 780 311 824 tempore
330 781 432 812 trans
451 788 555 813 mare
572 776 643 824 fui,
664 777 903 827 relinquitur,
925 782 968 813 ut
992 775 1046 823 id,
1074 774 1177 826 quod
1196 774 1254 811 di-

141 827 237 875 citis,
254 840 329 865 non
344 829 458 866 modo
476 841 552 866 non
572 829 738 878 fecerim,
755 830 819 868 sed
833 843 880 867 ne
894 829 1082 880 potuerim
1097 828 1253 879 quidem

141 881 273 919 facere.
303 882 436 934 Atque
453 883 524 921 hoc
539 883 738 933 diligenter
757 884 881 922 videre
896 883 1095 934 oportebit,
1111 895 1160 920 ne
1174 894 1251 933 quo

140 942 250 986 pacto
269 948 387 985 genus
406 937 476 974 hoc
495 937 615 974 refelli
634 937 764 987 possit,
784 944 828 974 ut
847 950 894 974 ne
913 935 1148 975 confirmatio
1166 948 1250 973 mo-

141 989 236 1025 dum
261 989 301 1026 in
327 1002 365 1027 se
389 991 723 1039 argumentationis
743 991 867 1028 solum
885 991 1036 1037 habeat,
1058 996 1095 1027 et
1113 1002 1249 1041 quam-

140 1042 231 1079 dam
260 1043 547 1081 similitudinem
575 1045 789 1082 necessariae
816 1043 1079 1090 conclusionis,
1114 1055 1247 1081 verum

140 1097 223 1147 ipsa
241 1098 516 1146 argumentatio
536 1111 583 1135 ex
602 1098 806 1136 necessaria
825 1098 968 1135 ratione
987 1097 1174 1135 consistat.

195 1150 398 1188 Probabile
423 1158 551 1188 autem
577 1159 631 1189 est
657 1152 709 1199 id,
731 1151 834 1203 quod
853 1152 929 1189 fere
948 1151 1028 1188 fieri
1047 1150 1153 1197 solet,
1181 1155 1248 1187 aut

141 1204 244 1255 quod
268 1204 308 1241 in
334 1205 510 1255 opinione
534 1205 700 1256 positum
724 1213 791 1253 est,
812 1212 878 1242 aut
897 1205 1000 1256 quod
1017 1204 1132 1242 habet
1150 1203 1189 1240 in
1209 1216 1248 1241 se

139 1258 188 1295 ad
202 1258 282 1295 haec
301 1258 508 1309 quamdam
534 1259 837 1306 similitudinem,
864 1259 941 1296 sive
959 1258 999 1295 id
1017 1257 1157 1295 falsum
1177 1264 1246 1303 est,

139 1311 216 1348 sive
236 1325 380 1350 verum.
426 1312 473 1349 In
494 1326 536 1350 eo
555 1325 703 1363 genere,
725 1313 827 1364 quod
846 1312 922 1350 fere
942 1312 1035 1349 solet
1049 1311 1143 1359 fieri,
1160 1323 1247 1361 pro-

139 1365 264 1402 babile
282 1365 502 1414 hujusmodi
522 1374 599 1404 est:
618 1367 659 1404 Si
677 1374 798 1404 mater
817 1373 884 1413 est,
901 1365 1025 1416 diligit
1044 1365 1192 1402 filium:
1216 1364 1247 1401 si

138 1432 273 1456 avarus
293 1426 360 1467 est,
381 1420 539 1470 negligit
550 1420 832 1469 jusjurandum.
863 1420 913 1457 In
927 1432 970 1457 eo
985 1425 1127 1466 autem,
1144 1417 1248 1469 quod
1274 1464 1276 1466 v

138 1472 177 1509 in
193 1473 369 1523 opinione
387 1474 557 1523 positum
574 1481 641 1521 est,
662 1473 883 1523 hujusmodi
902 1480 991 1511 sunt
1008 1471 1219 1523 probabilia
1232 1485 1243 1507 z

138 1526 275 1576 Impiis
289 1527 392 1577 apud
411 1527 548 1564 inferos
566 1540 694 1578 poenas
713 1541 790 1565 esse
808 1533 1059 1578 praeparatas3
1081 1539 1156 1574 eos,
1178 1524 1245 1576 qui

136 1580 384 1630 philosophiae
403 1581 493 1618 dent
511 1594 678 1631 operam,
699 1594 775 1618 non
794 1581 966 1619 arbitrari
985 1580 1089 1618 Deos
1115 1592 1204 1616 esse.

191 1634 329 1671 XXX.
360 1635 579 1672 similitudo
601 1642 729 1672 autem
747 1635 788 1672 in
808 1634 1000 1673 contrariis
1019 1640 1055 1671 et
1073 1632 1242 1683 paribus,

135 1693 172 1724 et
199 1687 239 1724 in
265 1687 309 1724 iis
337 1690 448 1725 rebus
474 1702 559 1739 quae
585 1691 654 1726 sub
680 1689 854 1726 eamdem
878 1688 1020 1725 cadunt
1044 1687 1243 1746 rationem,

135 1741 304 1778 maxime
323 1748 520 1791 spectatur.
552 1742 600 1779 In
616 1742 823 1790 contrariis,
843 1742 914 1779 hoe
928 1740 1067 1778 modo:
1089 1740 1194 1777 Nam
1215 1739 1246 1776 si

135 1794 194 1841 iis,
216 1795 280 1845 qui
301 1794 558 1845 imprudentes
582 1796 773 1843 laeserunt,
800 1795 943 1846 ignosci
968 1793 1154 1841 convenit,
1182 1793 1242 1841 iis,

135 1848 203 1898 qui
228 1849 432 1886 necessario
451 1849 688 1899 profuerunt,
708 1850 839 1887 haberi
857 1848 1018 1910 gratiam
1037 1859 1113 1885 non
1132 1859 1243 1897 opor-

133 1908 198 1939 tet.
228 1901 293 1939 Ex
312 1902 407 1953 pari,
429 1903 503 1940 sic:
526 1903 645 1949 Nam,
666 1910 709 1940 ut
726 1904 830 1940 locus
849 1903 929 1940 sine
946 1908 1058 1953 portu
1084 1900 1244 1938 navibus

134 1968 213 1993 esse
237 1968 314 1992 non
339 1963 462 2006 potest
486 1963 605 2003 tutus,
635 1957 685 1994 sic
715 1957 865 1994 animus
891 1956 970 1993 sine
995 1955 1070 1992 fide
1099 1953 1244 1991 stabilis

133 2009 264 2046 amicis
279 2021 355 2047 non
369 2016 491 2060 potest
506 2023 593 2048 esse.
622 2010 671 2048 In
686 2010 730 2047 iis
744 2012 869 2057 rebus,
883 2022 969 2060 quae
983 2010 1053 2046 sub
1069 2007 1242 2045 eamdem

134 2062 318 2100 rationem
338 2063 490 2110 cadunt,
517 2063 597 2101 hoc
613 2063 728 2101 modo
746 2063 940 2114 probabile
959 2061 1240 2100 consideratur:

134 2116 175 2153 N
179 2129 255 2163 am,
285 2117 316 2154 si
342 2117 502 2154 Rhodiis
521 2125 631 2168 turpe
650 2130 725 2155 non
746 2124 800 2155 est
817 2116 1027 2168 portorium
1040 2116 1176 2162 locare,
1197 2126 1245 2151 ne

135 2169 424 2210 Hermacreonti
439 2171 594 2223 quidem
609 2179 719 2223 turpe
733 2178 788 2210 est
801 2170 1019 2210 conducere.
1049 2169 1146 2208 Haec
1160 2174 1244 2206 tum
