1429 2344
150 115 228 161 270
294 114 369 154 DE
399 113 692 165 ORATORE,
720 115 818 153 LIB.
837 113 894 153 ΙΙ.
925 114 1028 154 CAP.
1046 108 1110 160 742

150 222 237 260 dem
257 230 374 269 scuto,
395 223 525 273 fugere
543 222 694 268 videar,
683 235 693 246 ·
720 222 783 260 sed
798 222 974 261 adhibere
991 221 1198 274 quamdam
1217 221 1256 259 in

151 275 309 314 dicendo
335 276 495 327 speciem
521 283 634 326 atque
659 289 853 336 pompam,
874 283 910 314 et
931 289 1072 326 pugnae
1097 276 1259 314 similem

151 328 309 379 fugam3
340 329 536 367 consistere
555 341 642 367 vero
660 329 700 366 in
726 341 810 366 meo
835 329 1006 379 praesidio
1032 330 1097 376 sic,
1118 336 1162 366 ut
1185 341 1261 366 non

152 381 324 431 fugiendi
347 382 477 428 hostis,
502 381 567 420 sed
591 382 761 432 capiendi
785 382 872 429 loci,
895 395 1008 419 causa
1035 382 1183 420 cessisse
1207 381 1262 418 vi-

153 434 254 471 dear.
294 435 474 472 Alterum
502 443 557 473 est
582 435 691 481 illud,
719 435 821 485 quod
843 448 912 485 ego
934 436 1071 473 oratori
1095 435 1265 473 maxime

154 487 366 525 cavendum
385 496 421 526 et
439 488 713 539 providendum
731 495 837 539 puto,
854 487 1030 538 quodque
1048 500 1111 525 me
1129 488 1266 526 sollici-

156 548 235 578 tare
254 553 402 579 summe
421 542 537 579 solet:
568 554 644 579 non
663 549 742 579 tam
760 548 804 578 ut
825 541 966 591 prosim
985 541 1119 588 causis,
1140 542 1266 579 elabo-

156 606 238 631 rare
264 594 376 640 soleo,
404 608 521 645 quam
546 601 589 632 ut
614 607 662 632 ne
687 594 781 646 quid
805 594 950 631 obsim:
981 607 1058 632 non
1077 594 1171 645 quin
1189 594 1268 631 eni-

156 647 317 684 tendum
336 647 384 685 sit
401 648 441 684 in
461 655 646 698 utroque3
678 648 742 685 sed
760 655 887 685 tamen
906 647 1028 684 multo
1047 655 1102 685 est
1121 647 1270 697 turpius

157 701 309 746 oratori,
329 701 498 738 nocuisse
512 701 631 739 videri
649 714 783 747 causae,
804 713 921 752 quam
940 712 1017 738 non
1034 700 1230 750 profuisse.

214 753 418 791 LXXIII.
449 754 524 792 Sed
552 754 646 806 quid
671 754 743 791 hoc
769 755 850 792 loco
878 766 943 791 vos
969 753 1067 791 inter
1093 767 1170 801 vos,
1197 754 1271 791 Ca-

161 806 240 843 tule
253 809 270 844 Ρ
305 820 353 844 an
381 807 474 853 haec,
504 815 548 844 ut
576 814 664 845 sunt
688 807 975 852 contemnenda,
1002 807 1272 850 contemnitis?

161 859 342 905 Minime,
371 860 497 911 inquit
522 861 611 898 ille:
647 861 712 898 sed
739 860 864 898 Caesar
890 860 937 898 de
962 859 1034 898 isto
1058 860 1140 910 ipso
1162 860 1274 910 quid-

161 912 252 949 dam
271 913 367 950 velle
386 914 506 951 dicere
524 914 731 951 videbatur.
767 914 838 951 Me
857 926 943 951 vero
960 913 1128 961 lubente,
1148 913 1275 964 inquit

161 965 371 1015 Antonius,
403 967 554 1016 dixerit,
585 967 661 1005 sive
688 966 883 1005 refellendi
909 966 1036 1015 causa,
1067 967 1144 1005 sive
1171 979 1276 1018 quae-

164 1019 284 1057 rendi.

216 1072 325 1110 Tum
356 1073 502 1121 Julius,
540 1074 640 1125 Ego,
674 1074 902 1135 mehercule,
935 1073 1075 1125 inquit,
1112 1073 1276 1121 Antoni,

163 1138 311 1186 semper
328 1125 360 1164 is
378 1127 448 1174 fui,
470 1128 537 1178 qui
551 1128 598 1165 de
612 1135 649 1165 te
662 1136 805 1166 oratore
819 1128 871 1165 sic
885 1127 1140 1178 praedicarem,
1156 1139 1278 1164 unum

164 1186 202 1216 te
220 1179 260 1216 in
279 1179 437 1218 dicendo
454 1180 551 1217 mihi
569 1181 686 1218 videri
704 1181 976 1226 tectissimum3
1007 1181 1279 1231 propriumque

164 1232 236 1269 hoc
255 1245 332 1270 esse
350 1233 473 1271 laudis
493 1241 581 1279 tuae,
602 1234 699 1271 nihil
717 1248 740 1272 a
758 1241 795 1271 te
819 1246 992 1285 unquam
1017 1247 1094 1272 esse
1119 1233 1278 1299 dietum,

166 1285 270 1335 quod
296 1287 441 1324 obesset
469 1286 516 1333 ei,
550 1300 619 1337 pro
647 1300 723 1338 quo
751 1287 901 1324 diceres.
943 1286 1068 1337 quue
1096 1287 1282 1325 memoria

167 1346 289 1385 teneo,
311 1351 399 1376 cum
416 1339 513 1376 mihi
531 1352 653 1377 sermo
680 1353 768 1378 cum
792 1340 892 1378 hoc
882 1352 964 1390 ipso
983 1340 1130 1387 Crasso,
1150 1340 1283 1378 multis

168 1391 423 1440 audientibus,
451 1400 546 1430 esset
571 1393 618 1431 de
642 1400 679 1430 te
704 1393 913 1440 institutus,
939 1392 1172 1444 Crassusque
1196 1394 1283 1444 plu-

168 1444 275 1482 rimis
294 1446 416 1484 verbis
436 1446 691 1497 eloquentiam
707 1446 880 1484 laudaret
904 1454 1025 1493 tuam,
1046 1446 1184 1484 dixisse
1204 1459 1281 1494 me,

169 1511 258 1536 cum
281 1499 421 1537 caeteris
444 1499 518 1537 tuis
540 1500 717 1537 laudibus
741 1500 840 1537 hanc
866 1512 945 1537 esse
973 1500 1032 1537 vel
1056 1500 1282 1560 maximam,

169 1551 273 1601 quod
291 1564 367 1589 non
386 1552 525 1599 solum,
545 1553 648 1603 quod
667 1566 761 1603 opus
781 1560 888 1599 esset,
904 1553 1057 1600 diceres,
1073 1552 1139 1590 sed
1153 1553 1282 1600 etiam,

170 1604 274 1655 quod
298 1617 375 1642 non
401 1619 496 1656 opus
522 1614 628 1653 esset,
653 1619 730 1643 non
756 1606 919 1644 diceres:
950 1613 1034 1643 tum
1059 1606 1171 1643 illum
1189 1606 1286 1643 mihi

169 1657 393 1708 respondere
422 1659 594 1705 memini,
626 1667 758 1697 caetera
786 1659 827 1696 in
856 1667 893 1697 te
922 1671 1071 1697 summe
1096 1672 1174 1697 esse
1202 1660 1285 1697 lau-

170 1710 320 1756 danda3
345 1711 441 1748 illud
460 1724 547 1749 vero
565 1712 730 1762 improbi
750 1725 827 1750 esse
846 1712 1011 1750 hominis
1026 1719 1063 1750 et
1080 1712 1284 1762 perfidiosi,

170 1763 292 1801 dicere
310 1764 413 1814 quod
427 1765 594 1802 alienum
610 1773 716 1812 esset,
733 1773 770 1802 et
783 1772 932 1803 noceret
947 1765 994 1812 ei,
1009 1778 1077 1815 pro
1092 1778 1168 1815 quo
1183 1766 1286 1825 quis-

171 1830 246 1867 que
273 1817 434 1855 diceret:
470 1831 586 1868 quare
616 1831 693 1855 non
723 1818 794 1857 sibi
821 1831 909 1855 eum
935 1818 1130 1865 disertum,
1155 1819 1222 1868 qui
1246 1819 1286 1856 id

171 1882 247 1906 non
260 1870 409 1917 faceret,
423 1871 554 1917 videri,
568 1871 632 1908 sed
646 1871 878 1921 improbum,
895 1871 963 1922 qui
976 1871 1123 1908 faceret.
1154 1871 1286 1919 Nunc,

172 1922 204 1960 si
223 1923 293 1960 tibi
314 1923 475 1970 videtur,
501 1924 664 1970 Antoni,
692 1925 924 1962 demonstres
950 1924 1078 1971 velim,
1106 1937 1223 1975 quare
1245 1933 1287 1962 tu

173 1976 244 2013 hoc
262 1976 315 2014 ita
332 1988 517 2027 magnum
536 1985 658 2028 putes,
679 1977 803 2014 nihil
793 1990 833 2014 m
853 1990 965 2015 causa
982 1978 1076 2015 mali
1093 1977 1229 2026 facere,
1245 1986 1289 2016 ut

174 2029 271 2066 nihil
289 2029 386 2067 tibi
376 2042 416 2067 m
435 2037 578 2068 oratore
595 2032 720 2079 majus
738 2043 815 2068 esse
833 2031 1015 2068 videatur.

229 2082 425 2121 LXXIV.
460 2083 598 2121 Dicam
628 2084 818 2134 equidem,
850 2084 990 2131 Caesar,
1021 2083 1160 2144 inquit,
1192 2084 1285 2136 quid

171 2135 406 2186 intelligam:
425 2137 489 2175 sed
507 2144 544 2176 et
563 2144 620 2184 tu,
641 2145 678 2175 et
696 2150 761 2175 vos
778 2149 922 2185 omnes,
942 2138 1027 2184 hoc,
1048 2137 1187 2188 inquit,
1207 2150 1287 2175 me-

173 2196 353 2237 mentote‚
374 2202 450 2228 non
476 2203 538 2229 me
563 2190 610 2229 de
633 2190 786 2242 perfecti
805 2190 960 2230 oratoris
977 2190 1174 2229 divinitate
1191 2203 1288 2242 qua-
