1428 2308
203 54 280 94 DE
301 55 688 105 INVENTIONE,
720 56 818 94 Lm.
842 56 899 94 11.
931 56 1034 95 CAP.
1057 57 1093 94 4.
1151 57 1203 94 63

99 161 139 199 in
168 161 176 168 ’
197 162 337 201 'center
360 163 574 215 expositum
601 170 671 211 est,
698 163 762 202 hic
786 170 936 201 tantum
955 162 1037 213 ipsa
1055 163 1209 200 inventa

100 226 412 267 unamquamque
436 217 475 254 in
501 229 581 254 rem
607 224 842 277 exponentur
868 216 1100 276 simpliciter,
1128 215 1208 253 sine

99 267 181 305 ulla
206 269 470 315 exornatione3
500 277 544 307 ut
570 283 616 307 ex
642 270 713 308 hoc
738 271 891 308 inventa
908 270 1002 320 ipsa,
1023 283 1071 307 ex
1089 281 1200 319 supe-

99 320 196 358 riore
226 329 354 360 autem
386 323 565 374 expolitio
596 323 835 361 inventorum
867 330 1028 374 petatur.
1076 322 1141 369 Qu
1144 335 1207 359 are

99 373 195 422 haec,
229 388 314 426 quae
342 388 444 414 nunc
472 376 750 427 praecipientur,
777 376 826 414 ad
853 375 1145 413 confirmationis
1170 382 1207 412 et

99 427 395 478 reprehensionis
412 437 536 480 partes
555 429 690 467 referre
709 429 906 480 oportebit.

153 480 228 518 IV.
259 480 398 520 Omnis
422 490 458 520 et
487 483 792 531 demonstrativa,
825 490 861 520 et
886 482 1141 529 deliberativa,
1169 489 1206 519 ct

96 533 286 581 judicialis
315 548 439 583 causa,
470 548 616 574 necesse
646 544 700 573 est
730 537 769 573 in
795 536 922 586 aliquo
949 548 1092 583 eorum,
1120 549 1207 585 quae

100 593 188 624 ante
213 588 381 638 exposita
403 598 504 635 sunt,
532 589 803 627 constitutionis
823 601 970 639 genere,
991 601 1068 626 uno
1086 588 1205 638 pluri-

100 640 231 687 busve,
262 648 439 679 versetur.
483 642 569 679 Hoc
601 655 835 692 quamquam
867 643 920 679 ita
952 649 1032 686 est3
1063 649 1204 701 tamen,

99 705 189 730 cum
214 694 464 732 communiter
489 695 664 745 quaedam
683 695 730 732 de
748 695 924 732 omnibus
949 694 1102 745 praecipi
1120 707 1205 744 pos-

99 745 188 793 sint,
218 747 417 797 separatim
436 761 587 808 quoque
612 748 696 786 aliae
722 755 810 785 sunt
835 749 1018 797 cujusque
1044 747 1203 797 generis,

99 806 136 836 et
161 799 316 837 diversae
340 801 615 851 praeceptiones.
657 800 781 837 Aliud
800 801 902 838 enim
920 801 1003 837 laus
1021 807 1088 837 aut
1106 800 1205 837 vitu-

98 852 254 913 petatio,
282 853 386 890 aliud
413 854 604 891 sententiae
629 853 755 901 dictio,
783 853 887 890 aliud
914 854 1111 900 accusatio,
1140 861 1207 891 aut

98 906 293 953 recusatio,
320 907 498 944 conficere
522 906 643 945 debet.
687 906 736 943 In
752 906 917 954 judiciis,
939 906 1032 956 quid
1051 919 1204 956 aequum

97 958 160 1006 sit,
178 959 384 1009 quaeritu13
405 960 446 997 in
460 960 854 1007 demonstrationibus,
871 959 964 1010 quid
978 959 1202 1004 honestum3

97 1010 138 1048 in
163 1011 506 1061 deliberationibus,
533 1021 577 1051 ut
601 1025 669 1051 nos
692 1013 932 1060 arbitramur,
960 1012 1053 1062 quid
1070 1012 1204 1050 hones-

98 1071 183 1101 tum
210 1065 271 1114 sit,
299 1073 336 1103 et
363 1067 457 1117 quid
484 1067 601 1104 utile:
630 1079 721 1103 nam
747 1066 869 1104 caeteri
893 1066 1065 1103 utilitatis
1089 1066 1204 1104 modo

99 1117 215 1155 finem
233 1118 273 1156 in
292 1119 484 1158 suadendo
503 1128 540 1158 et
557 1120 596 1157 in
615 1119 864 1158 dissuadendo
883 1119 1021 1169 exponi
1035 1126 1205 1169 oportere

98 1171 268 1210 arbitrati
281 1179 380 1210 sunt.
405 1173 582 1220 Quorum
596 1173 712 1223 igitur
725 1185 906 1223 generum
922 1173 1013 1209 fines
1029 1179 1065 1209 et
1080 1172 1204 1210 exitus

97 1223 234 1262 diversi
260 1233 362 1274 sunt,
392 1239 521 1264 eorum
547 1234 733 1277 praecepta
757 1226 888 1264 eadem
915 1238 992 1263 esse
1016 1237 1092 1262 non
1117 1238 1203 1275 pos-

97 1285 197 1315 sunt.
228 1279 366 1329 Neque
383 1292 486 1317 nunc
499 1280 570 1317 hoc
588 1280 762 1327 dicimus,
778 1292 854 1316 non
874 1278 1023 1316 easdem
1042 1278 1204 1316 incidere

97 1331 402 1370 constitutiones:
432 1340 692 1370 verumtamen
717 1333 834 1370 oratio
861 1332 1036 1382 quaedam
1055 1344 1102 1368 ex
1120 1331 1202 1381 ipso

98 1383 173 1422 fine
192 1392 228 1421 et
254 1397 301 1422 ex
326 1399 460 1436 genere
483 1399 604 1423 causae
630 1386 807 1433 nascitur,
835 1399 920 1436 quae
944 1384 1129 1435 pertineat
1155 1384 1203 1421 ad

99 1437 185 1474 vitae
198 1437 358 1486 alicujus
376 1439 745 1485 demonstrationem,
766 1445 832 1475 aut
850 1438 898 1475 ad
917 1437 1107 1475 sententiae
1126 1437 1204 1474 dic-

98 1489 250 1527 tionem.
281 1490 412 1538 Quare
430 1504 546 1539 nunc,
567 1492 607 1529 in
627 1491 857 1542 exponendis
877 1490 1145 1537 controversiis,
1162 1490 1202 1526 in

94 1543 265 1590 judiciali
291 1557 426 1594 genere
453 1558 650 1583 causarum
679 1552 715 1582 et
742 1552 1015 1595 praeceptorum
1041 1544 1203 1581 versabi-

97 1607 210 1643 mur;
240 1609 287 1634 ex
306 1611 382 1648 quo
400 1599 579 1649 pleraque
603 1598 643 1635 in
670 1605 803 1636 caetera
826 1610 978 1661 quoque
1003 1609 1200 1634 causarum

95 1661 248 1698 genera,
269 1649 384 1688 31111111
401 1651 595 1702 implicata
613 1650 875 1698 controversia,
896 1650 1004 1687 nulla
1022 1662 1110 1687 cum
1129 1649 1202 1686 dif-

96 1701 263 1740 ficultate
291 1704 584 1742 transferentur.
614 1712 697 1755 post
716 1711 842 1742 autem
861 1702 1060 1754 separatim
1080 1702 1127 1740 de
1145 1715 1202 1740 re-

94 1753 209 1805 liquis
227 1755 406 1795 dicemus.

150 1808 267 1846 Nunc
285 1811 333 1847 ab
352 1810 592 1859 conjecturali
610 1810 873 1848 constitutione
890 1809 1196 1860 proficiscemun

96 1861 205 1910 cujus
230 1864 448 1914 exemplum
467 1864 514 1901 sit
532 1863 602 1902 hoc
628 1864 866 1914 expositum:
898 1863 946 1900 In
965 1862 1096 1900 itinere
1115 1862 1199 1912 qui-

96 1912 186 1951 dam
211 1916 506 1965 proficiscentem
531 1917 579 1954 ad
603 1925 768 1954 mercatu
770 1929 810 1954 m
829 1915 1049 1967 quemdam,
1078 1922 1114 1952 et
1141 1927 1198 1951 se-

95 1977 184 2004 cum
213 1968 452 2020 aliquantum
481 1982 727 2008 nummorum
757 1970 953 2016 ferentem,
985 1975 1039 2005 est
1070 1979 1197 2005 conse-

94 2025 229 2058 cutus.
258 2034 347 2059 cum
371 2022 456 2070 hoc,
483 2029 526 2061 ut
550 2022 626 2061 fere
653 2023 710 2070 fit,
737 2022 778 2060 in
797 2023 859 2060 via
883 2033 1091 2060 sermonem
1110 2031 1198 2057 con-

92 2071 204 2118 tulin
225 2086 273 2112 ex
292 2088 368 2126 quo
386 2075 529 2114 factum
548 2082 616 2123 est,
637 2083 680 2113 ut
698 2051 794 2113 illud
811 2075 882 2112 iter
900 2073 1121 2111 familiarius
1140 2072 1197 2109 fa-

91 2136 173 2163 cere
197 2127 358 2166 vellent.
389 2141 518 2180 quare,
538 2141 626 2167 cum
651 2129 690 2166 in
718 2127 890 2166 eamdem
917 2128 1111 2164 tabernam
1138 2125 1197 2163 (li-
