1429 2344
223 103 301 140 216
357 101 432 140 DE
463 99 756 147 ORATORE,
788 100 884 139 Lm.
908 100 964 140 II.
995 101 1098 140 CAP.
1121 103 1185 141 23.

223 210 369 261 Lysias.
399 209 532 247 Multa
547 208 672 259 Lysiae
687 208 823 259 scripta
837 216 925 247 sunt
938 223 950 254 ;
972 210 1156 247 nonnulla
1170 209 1298 248 Critiae
1312 224 1324 247 ε

221 265 268 302 de
286 263 526 301 Theramene
544 261 770 299 audivimus.
800 262 946 301 Omnes
965 263 1079 300 etiam
1092 270 1176 301 tum
1190 263 1326 301 retine-

220 321 314 357 bant
327 317 438 354 illum
455 315 609 353 Periclis
628 328 781 353 succum
795 329 806 359 ς
828 316 893 354 sed
907 324 1012 354 erant
1024 317 1140 368 paulo
1153 317 1326 354 uberiore

220 372 296 409 filo.
325 370 425 408 Ecce
444 369 513 407 tibi
531 376 681 407 exortus
697 377 751 406 est
766 369 959 417 Isocrates,
974 371 1152 421 magister
1165 371 1325 408 istorum

219 424 408 469 omnium,
429 424 537 472 cujus
556 435 575 460 e
594 423 698 468 ludo,
719 429 918 473 tamquam
942 437 989 461 cx
1014 437 1111 475 equo
1137 424 1323 473 Trojano,

219 478 316 516 meri
334 477 520 528 principes
539 476 733 513 exierunt:
765 476 829 514 sed
848 489 978 514 eorum
996 477 1135 528 partim
1154 478 1194 515 in
1213 490 1323 529 pom-

218 532 284 583 pa,
304 531 443 582 partim
462 531 502 567 in
522 530 612 577 acie,
633 530 795 567 illustres
814 543 891 567 esse
910 531 1120 568 voluerunt.

271 584 439 623 XXIII.
470 584 606 634 Itaque
625 590 662 620 et
679 583 749 631 illi,
771 583 1026 634 Theopompi,
1047 584 1207 635 Ephori,
1230 585 1323 622 Phi-

217 640 307 686 listi,
335 639 552 684 Naucratae,
572 637 762 687 multique
780 638 844 674 alii
862 638 1006 676 naturis
1025 638 1227 683 differunt3
1258 651 1323 676 vo-

215 695 361 731 luntate
376 698 504 729 autem
518 691 658 728 similes
674 698 775 737 sunt,
797 698 833 728 et
849 691 946 728 inter
960 704 1052 739 sese,
1072 699 1109 729 et
1125 691 1321 742 magistri:

216 754 253 785 et
273 746 313 794 ii,
337 745 405 796 qui
425 758 462 783 se
482 744 529 782 ad
544 757 672 782 causas
692 746 945 791 contulerunt,
966 752 1010 782 ut
1028 745 1319 793 Demosthenes,

217 799 445 851 Hyperides,
467 799 680 849 Lycurgus,
696 798 909 846 AEschjnes,
932 798 1160 848 Dinarchus,
1181 799 1323 850 aliique

216 854 441 904 complures,
473 852 540 890 etsi
567 852 665 889 inter
693 865 731 889 se
757 865 863 902 pares
892 865 969 890 non
997 852 1166 900 fuerunt,
1192 860 1320 890 tamen

216 916 305 946 sunt
323 919 452 945 omnes
470 906 507 943 in
530 905 659 943 eodem
680 906 844 943 veritatis
868 905 1062 943 imitandae
1079 919 1214 957 genere
1238 919 1321 944 ver-

217 961 300 1009 sati,
317 972 480 1012 quorum
496 959 680 1011 quamdiu
695 960 834 997 mansit
847 959 1023 1007 imitatio,
1038 960 1186 997 tamdiu
1200 972 1320 1010 genus

215 1015 312 1052 illud
345 1013 492 1051 dicendi
523 1013 768 1063 studiumque
801 1012 918 1050 vixit:
959 1020 1219 1064 posteaquam,
1253 1027 1319 1051 ex-

216 1067 359 1106 stinctis
376 1067 449 1115 his,
470 1067 592 1104 omnis
617 1079 747 1104 eorum
765 1066 949 1104 memoria
967 1067 1104 1105 sensim
1123 1069 1321 1105 obscurata

215 1130 270 1160 est
289 1129 326 1160 et
343 1120 520 1165 evanuit3
550 1121 623 1157 alia
649 1120 825 1171 quaedam
843 1119 992 1157 dicendi
1008 1120 1183 1158 molliora
1200 1133 1321 1159 acre-

214 1176 384 1213 missiora
397 1187 535 1225 genera
553 1174 764 1224 viguerunt.
806 1173 903 1211 Inde
918 1173 1186 1222 Demochares,
1203 1187 1320 1225 quem

215 1230 323 1267 aiunt
347 1228 480 1266 sororis
498 1228 621 1265 filium
639 1227 755 1265 fuisse
778 1227 1052 1265 Demostheni:
1073 1234 1158 1265 tum
1179 1228 1318 1266 Phale-

212 1297 298 1321 reus
330 1283 394 1320 ille
427 1281 658 1329 Demetrius,
693 1281 867 1319 omnium
898 1281 1071 1328 istorum,
1108 1281 1196 1319 me‘a
1234 1294 1318 1320 sen-

212 1336 343 1384 tentia,
371 1335 630 1387 politissimus,
659 1335 800 1386 aliique
825 1348 955 1372 eorum
983 1334 1137 1382 similes,
1165 1335 1317 1374 exstite-

210 1398 312 1428 runt.
353 1390 453 1437 Quae
478 1389 509 1427 si
537 1389 707 1427 volemus
736 1402 856 1439 usque
881 1388 929 1425 ad
953 1388 1024 1426 hoc
1052 1396 1203 1440 tempus
1231 1402 1317 1440 per-

211 1444 343 1495 sequi;
372 1443 640 1493 intelligemus,
670 1449 713 1480 ut
738 1443 850 1480 hodie
867 1442 1179 1480 Alabandensem
1204 1442 1316 1480 illum

211 1498 442 1545 Meneclem,
484 1505 520 1534 et
552 1498 633 1545 ejus
665 1496 820 1534 fratrem
856 1496 1087 1543 Hieroclem,
1120 1508 1214 1546 quos
1246 1509 1316 1547 ego

208 1552 350 1598 audivi,
367 1558 444 1589 tota
457 1550 626 1588 imitatur
640 1550 737 1587 Asia
749 1563 760 1595 ;
778 1550 830 1587 sic
843 1562 990 1600 semper
1002 1549 1118 1587 fuisse
1131 1549 1314 1601 aliquem,

207 1607 316 1654 cujus
335 1618 373 1642 se
392 1604 531 1642 similes
549 1604 719 1655 plerique
738 1617 814 1641 esse
832 1603 982 1641 vellent.

263 1660 376 1696 Hanc
402 1658 517 1708 igitur
542 1657 829 1695 similitudinem
849 1657 915 1707 qui
933 1657 1142 1695 imitatione
1167 1657 1315 1708 assequi

206 1713 320 1760 volet,
355 1719 439 1749 tum
471 1711 798 1749 exercitationibus
829 1710 967 1748 crebris
999 1718 1113 1761 atque
1147 1711 1311 1761 magnis,

205 1774 290 1804 tum
323 1765 518 1803 scribendo
548 1765 716 1802 maxime
748 1771 1017 1814 persequatur:
1053 1763 1157 1814 quod
1188 1764 1220 1801 si
1251 1764 1313 1802 hie

204 1828 329 1858 noster
347 1818 537 1869 Sulpicius
556 1817 705 1863 faceret,
725 1818 849 1854 multo
868 1818 950 1866 ejus
967 1817 1084 1854 oratio
1100 1825 1194 1855 esset
1208 1830 1311 1869 pres-

203 1875 303 1919 sior,
293 1887 302 1897 ·
333 1872 372 1909 in
392 1871 471 1923 qua
488 1883 590 1908 nunc
608 1871 799 1908 interdum
820 1873 880 1913 (ut
897 1871 937 1908 in
961 1870 1086 1908 herbis
1105 1871 1234 1909 rustici
1253 1884 1312 1909 so-

202 1929 283 1966 lent
307 1926 444 1972 dicere)
470 1925 510 1962 in
529 1937 682 1962 summa
706 1926 876 1962 ubertate
901 1924 998 1961 inest
1019 1925 1189 1962 luxuries
1207 1938 1312 1976 quae-

203 1982 307 2028 dam,
337 1993 423 2031 quae
441 1978 525 2016 stilo
544 1977 777 2028 depascenda
796 1984 861 2015 est.
909 1978 988 2016 Hic
1014 1978 1218 2028 Sulpicius,
1239 1977 1312 2016 Me

202 2035 374 2086 quidem,
402 2032 541 2083 inquit,
574 2039 672 2069 recte
700 2044 856 2075 mones3
886 2030 1001 2082 idque
1027 2031 1124 2068 mihi
1155 2038 1309 2082 gratum

202 2096 281 2127 est:
313 2087 377 2125 sed
395 2099 442 2123 ne
467 2093 504 2123 te
523 2085 692 2136 quidem,
712 2084 875 2131 Antoni,
895 2085 1064 2122 multum
1083 2084 1308 2143 scriptitasse

200 2142 371 2180 arbitror.
401 2140 508 2178 Tum
526 2139 604 2185 ille,
626 2138 748 2185 Quasi
767 2151 868 2199 vero,
895 2137 1033 2189 inquit,
1054 2150 1131 2176 non
1150 2151 1194 2176 ea
1211 2151 1307 2189 prae-

200 2196 339 2246 cipiam
367 2194 463 2241 aliis,
495 2205 581 2244 quae
609 2191 706 2230 mihi
733 2192 805 2243 ipsi
832 2191 979 2230 desint:
1009 2191 1073 2230 sed
1101 2198 1228 2230 tamen
1257 2203 1307 2228 ne
