1429 2344
190 78 278 118 400'
295 76 372 116 DE
394 76 600 116 CLARIS
621 76 1012 127 ORATORIBUS,
1034 78 1138 118 Cu.
1157 80 1222 118 48.

186 199 264 234 mo,
294 186 358 224 vix
387 192 432 222 ut
455 185 495 221 in
522 184 653 222 eodem
679 185 865 224 curriculo
891 199 968 224 esse
993 186 1176 225 videatur.
1218 188 1293 227 Sed

184 248 313 278 tamen
332 245 439 276 erant
457 251 500 275 ea
517 239 557 275 in
579 238 774 290 Philippo,
794 252 894 290 quae,
914 240 982 291 qui
1000 240 1080 278 sine
1098 253 1294 292 compara-

184 295 286 331 tione
299 293 453 330 illorum
469 298 664 342 spectaret,
685 293 773 330 satis
791 305 933 343 magna
951 293 1114 339 diceret3
1142 307 1295 333 summa

184 347 338 385 libertas
363 346 404 383 in
429 346 610 394 oratione,
638 347 771 384 multae
796 346 965 384 facetiae:
995 347 1084 385 satis
1109 350 1236 386 creber
1253 349 1294 386 in

182 399 425 451 reperiendis,
455 399 600 437 solutus
628 399 668 436 in
701 399 933 450 explicandis
967 401 1184 440 sententiis:
1215 409 1295 440 erat

184 455 299 491 etiam
313 454 353 490 in
368 453 514 503 primis,
535 461 579 491 ut
592 454 825 503 temporibus
843 453 933 501 illis,
957 453 1098 492 Graecis
1116 454 1294 494 doctrinis

182 507 403 552 institutus;
425 507 465 543 in
484 507 698 544 altercando
713 519 801 544 cum
820 506 949 558 aliquo
967 508 1097 545 aculeo
1117 516 1154 546 et
1171 510 1291 547 male-

182 560 282 598 dicto
296 561 449 598 facetus.
479 560 633 598 Horum
649 561 750 598 aetati
764 573 881 611 prope
895 562 1118 610 conjunctus
1133 561 1181 599 L.
1199 562 1292 600 Gel-

181 615 256 652 lius
270 627 347 652 non
361 620 440 651 tam
456 614 655 652 vendibilis
669 622 805 660 orator,
822 627 939 665 quam
953 622 998 652 ut
1011 615 1183 663 nescires,
1200 616 1294 668 quid

183 668 219 706 ei
247 668 412 706 deesset:
442 680 511 705 nec
541 667 643 705 enim
675 675 753 705 erat
781 668 969 715 indoctus,
995 680 1065 706 nec
1089 669 1218 707 tardus
1243 670 1292 708 ad

183 722 490 772 excogitandum,
506 734 575 759 nec
588 721 853 759 Romanarum
872 734 999 759 rerum
1017 721 1233 771 immemor,
1254 730 1292 762 et

183 776 306 814 verbis
326 775 470 813 solutus
489 775 577 813 satis
592 788 603 821 3
625 774 690 812 sed
708 774 748 812 in
762 787 921 825 magnos
935 781 1098 813 oratores
1112 775 1294 815 inciderat

183 830 264 878 ejus
291 836 404 867 aetas:
433 829 598 866 multam
616 835 744 866 tamen
762 841 917 880 operam
941 828 1072 867 amicis
1096 836 1135 867 et
1157 830 1291 868 utilem

182 883 370 934 praebuit3
400 889 515 933 atque
532 882 585 919 ita
603 881 666 920 diu
688 882 799 930 vixit,
829 889 874 920 ut
897 883 1108 920 multarum
1132 889 1289 922 aetatum

181 937 392 975 oratoribus
409 936 681 987 implicaretur,
701 936 869 975 multum
888 936 1002 974 etiam
1020 936 1061 974 in
1075 936 1196 975 causis
1210 950 1293 976 ver.

179 997 336 1029 saretur.

186 1064 188 1066 ·
235 1043 379 1082 Iisdem
397 1043 474 1082 fere
492 1044 726 1095 temporibus
745 1043 797 1081 D.
817 1043 977 1091 Brutus,
998 1043 1043 1092 is,
1064 1044 1132 1096 qui
1157 1045 1289 1083 consul

180 1110 271 1136 cum
291 1098 489 1136 Mamerco
507 1098 594 1145 fuit,
614 1098 730 1136 homo
749 1105 786 1135 et
805 1098 947 1136 Graecis
966 1098 1097 1136 doctus
1115 1098 1232 1136 literis
1252 1106 1290 1137 et

181 1151 343 1190 Latinis.
374 1151 536 1189 Dicebat
553 1152 667 1189 etiam
687 1151 736 1189 L.
753 1151 878 1202 Scipio
896 1164 973 1189 non
991 1151 1190 1202 imperite,
1213 1152 1286 1190 Cn.

179 1219 256 1256 que
268 1205 488 1256 Pompeius,
503 1208 590 1243 Sex.
604 1205 650 1243 F.
666 1205 833 1255 aliquem
847 1217 1051 1242 numerum
1065 1205 1259 1244 obtinebat
1272 1220 1284 1252 3

179 1271 271 1297 narn
291 1259 378 1297 Sex.
396 1259 510 1297 frater
525 1260 606 1308 ejus
619 1258 971 1310 praestantissimum
985 1258 1184 1309 ingenium
1198 1272 1286 1298 con.

179 1313 318 1351 tulerat
350 1312 398 1350 ad
429 1325 620 1350 summam
649 1312 746 1361 juris
778 1312 910 1359 civilis,
941 1320 978 1351 et
1006 1312 1054 1349 ad.
1080 1313 1284 1363 perfectam

178 1367 394 1417 geometriae
419 1373 456 1403 et
480 1377 606 1404 rerum
632 1366 846 1403 Stoicarum
869 1365 1075 1403 scientiam.
1117 1367 1218 1404 Item
1243 1367 1283 1405 in

173 1421 275 1468 jure,
306 1427 342 1458 et
366 1426 453 1458 ante
477 1420 545 1458 hos
571 1419 632 1456 M.
648 1419 809 1466 Brutus,
839 1427 876 1458 et
892 1420 1008 1470 paulo
1025 1426 1110 1470 post
1129 1432 1218 1458 eum
1237 1421 1283 1459 C.

176 1474 364 1521 Bih‘enus,
394 1475 509 1512 homo
527 1486 594 1524 per
612 1486 651 1511 se
668 1484 845 1523 magnus,
865 1486 983 1524 prope
1001 1473 1117 1511 simili
1138 1474 1283 1513 ratione

175 1540 351 1566 summus
380 1535 569 1566 evaserat:
599 1527 667 1578 qui
695 1527 827 1564 consul
855 1527 977 1564 factus
1006 1533 1115 1575 esset,
1144 1527 1217 1565 nisi
1241 1528 1282 1566 in

175 1579 373 1619 {Marianos
392 1581 622 1629 consulatus,
649 1587 686 1618 et
710 1580 750 1618 in
777 1593 838 1618 eas
863 1580 1054 1631 petitionis
1072 1581 1280 1631 angustias,

174 1634 375 1672 incidisset.
406 1635 478 1673 Cn.
499 1641 627 1672 autem
642 1634 793 1672 Octavii
808 1634 1035 1684 eloquentia,
1057 1647 1143 1685 quae
1155 1634 1279 1673 fuerat

174 1695 262 1726 ante
289 1689 528 1726 consulatum
553 1688 738 1738 ignorata,
766 1687 806 1724 in
825 1687 1022 1725 consulatu
1040 1687 1172 1725 multis
1191 1700 1280 1726 con-

172 1741 344 1780 cionibus
368 1749 423 1780 est
452 1741 692 1779 vehementer
720 1742 889 1791 probata.
936 1741 1012 1778 Sed
1036 1742 1085 1778 ab
1115 1741 1181 1789 eis,
1211 1742 1279 1792 qui

171 1802 322 1833 tantum
341 1795 381 1832 in
399 1795 606 1833 dicentium
625 1807 798 1842 numero,
821 1806 898 1832 non
917 1794 957 1831 in
976 1801 1167 1831 oratorum
1191 1794 1276 1833 fue-

170 1856 275 1897 runt,
300 1850 383 1898 jam
409 1849 457 1886 ad
482 1856 644 1886 oratores
668 1854 911 1885 revertamur.
959 1847 1117 1895 Censeo,
1148 1847 1276 1899 inquit

171 1902 346 1940 Atticus:
364 1902 580 1954 eloquentes
592 1901 692 1939 enim
705 1901 892 1948 videbare,
908 1912 985 1938 non
997 1900 1160 1950 sedulos,
1177 1902 1274 1940 velle

168 1968 400 2006 conqulrere.

221 2009 426 2048 XLVIII.
455 2008 673 2047 Festivitate
698 2007 829 2058 igitur,
857 2014 894 2046 et
910 2006 1067 2055 facetiis,
1094 2007 1269 2060 inquam,

168 2063 214 2101 C.
234 2063 380 2112 Julius,
409 2063 458 2100 L.
488 2063 533 2100 F.
558 2069 595 2100 et
618 2061 872 2112 superioribus
897 2068 934 2098 et
958 2061 1167 2122 aequalibus
1191 2063 1270 2101 suis

165 2116 344 2154 omnibus
368 2116 567 2168 praestitit3
596 2123 795 2166 oratorque
818 2114 893 2152 fuit
917 2114 1076 2152 minime
1093 2114 1159 2153 ille
1181 2116 1269 2166 qui-

164 2170 252 2209 dem
266 2170 492 2218 vehemens3
514 2169 579 2208 sed
593 2181 705 2208 nemo
718 2180 891 2221 unquam
905 2168 1133 2220 urbanitate,
1151 2180 1271 2209 nemu
