1407 2308
263 93 340 134 DE
370 75 663 144 onA'romz,
694 95 791 134 Lm.
814 96 847 134 1.
878 94 1062 134 cla-23.
1136 93 1211 136 147

111 200 143 238 si
168 208 218 248 te,
245 202 317 240 nisi
334 203 476 250 omnia,
496 216 582 253 quae
599 203 805 253 percontati
824 203 977 249 erimus,
997 199 1211 251 explicatis,

111 253 376 294 dimiserimus.
423 256 485 294 De
504 256 575 302 his,
597 257 719 303 credo,
744 258 868 304 rebus,
895 255 1021 306 inquit
1040 254 1210 301 Crassus,

110 314 156 345 ut
180 307 219 346 in
245 309 471 348 cretionibus
497 309 607 347 scribi
633 311 738 356 solet,
769 312 796 331 “
817 309 970 356 Quibus
989 307 1118 355 sciam,
1145 319 1213 357 po-

110 363 304 412 teroque.'’
346 363 452 400 Tum
471 362 548 409 ine,
570 363 763 413 Namque,
784 363 885 413 quod
906 370 947 399 tu
967 374 1041 399 non
1060 361 1212 411 poteris,

111 422 179 451 aut
204 415 356 463 nescies,
383 417 469 467 quis
488 418 657 453 nostrum
683 424 762 454 tam
781 415 982 466 impudens
1000 421 1067 463 est,
1089 414 1155 466 qui
1174 427 1213 452 se

110 467 203 506 scire
220 476 286 506 aut
303 482 411 520 posse
428 470 591 520 postulet
605 472 622 507 Ρ

164 521 259 559 Jam
285 535 384 570 vero,
411 523 482 561 ista
511 523 734 570 conditione,
767 522 859 560 dum
889 521 985 559 mihi
1009 521 1119 559 liceat
1147 533 1214 559 ne-

111 587 200 624 gare
226 587 333 625 posse
358 576 461 626 quod
478 588 555 613 non
581 587 723 626 potero,
745 583 780 613 et
805 576 913 613 fateri
939 575 1079 612 nescire
1112 575 1214 625 quod

112 629 291 675 nesciam,
320 629 420 676 licet,
449 629 574 679 inquit
593 629 762 675 Crassus,
792 636 912 666 vestro
931 628 1111 666 arbitratu
1131 641 1215 679 per-

111 681 327 718 contemini.
357 683 502 732 Atque,
523 682 647 733 inquit
667 682 870 732 Sulpicius,
891 681 962 719 hoc
980 681 1148 731 primum
1168 694 1214 718 ex

113 741 164 782 te,
193 734 240 772 de
267 747 343 786 quo
370 735 484 773 modo
508 735 702 773 Antonius
728 735 913 786 exposuit,
945 734 1038 785 quid
1063 734 1213 779 sentias,

112 788 343 837 quaerimus3
374 789 610 826 existimesne
629 796 747 826 artem
767 789 935 838 aliquam
954 800 1031 825 esse
1053 787 1213 824 dicendi.

112 840 250 887 Quid?
278 841 374 878 mihi
405 854 507 879 nunc
539 854 618 889 vos,
652 842 776 892 inquit
808 841 979 887 Crassus,
1017 847 1214 890 tamquam

112 893 227 931 alicui
257 894 431 933 Graeculo
460 895 577 932 otioso
607 901 644 932 et
671 895 836 946 loquaci,
868 902 904 931 et
928 894 1082 931 fortasse
1105 893 1215 931 docto

111 954 226 998 atque
244 947 402 994 erudito,
423 948 751 1008 quaestiunculam,
772 948 818 985 de
833 961 911 998 qua
928 959 1013 984 meo
1031 946 1212 984 arbitratu

110 1000 259 1051 loquar,
287 1001 456 1052 ponitis?
485 1000 652 1048 Quando
677 1001 779 1038 enim
804 1014 866 1038 me
887 1000 959 1038 ista
983 1000 1131 1038 curasse
1148 1007 1215 1037 aut

109 1054 291 1104 'cogitasse
309 1054 558 1102 arbitramini,
578 1061 615 1092 et
639 1067 715 1092 non
740 1067 886 1105 semper
911 1053 1064 1091 irrisisse
1089 1053 1214 1103 potius

112 1119 244 1145 eorum
267 1107 469 1145 hominum
488 1108 779 1158 impudentiam,
807 1108 888 1159 qui,
914 1119 1003 1145 cum
1028 1107 1068 1144 in
1087 1106 1215 1144 schola

111 1160 346 1209 assedissent,
376 1174 423 1199 ex
452 1162 594 1211 magna
621 1161 823 1199 hominum
853 1160 1066 1211 frequentia
1095 1159 1216 1197 dicere

109 1214 298 1262 juberent,
328 1215 359 1252 si
379 1214 463 1265 quis
482 1214 575 1265 quid
593 1222 776 1265 quaereret
790 1217 807 1252 Ρ
836 1214 953 1261 Quod
971 1213 1140 1264 primum
1160 1213 1215 1250 fe-

112 1275 202 1304 runt
227 1267 461 1305 Leontinum
485 1267 613 1306 fecisse
633 1268 842 1318 Gorgiam;
872 1268 939 1318 qui
963 1278 1215 1317 permagnum

113 1320 297 1372 quiddam
321 1321 505 1371 suscipere
524 1334 567 1358 ac
589 1321 754 1371 profiteri
773 1320 984 1367 videbatur,
1004 1332 1093 1357 cum
1112 1332 1150 1357 se
1169 1319 1217 1356 ad

113 1374 256 1421 omnia,
285 1373 333 1411 de
360 1373 687 1424 quibus‘quisque
717 1373 849 1411 audire
880 1373 1006 1420 vellet,
1041 1385 1119 1409 esse
1149 1385 1217 1422 pa-

113 1434 240 1465 ratum
270 1426 518 1464 denuntiaret.
562 1426 699 1463 Postea
730 1438 816 1463 vero
849 1426 963 1475 vulgo
994 1425 1066 1462 hoc
1096 1425 1217 1463 facere

113 1486 318 1530 coeperunt,
347 1478 534 1539 hodieque
559 1478 717 1526 faciunt,
743 1485 787 1516 ut
811 1478 919 1515 nulla
936 1478 984 1515 sit
1000 1491 1072 1526 res,
1094 1490 1218 1529 neque

116 1540 234 1580 tanta,
262 1544 385 1583 neque
413 1538 493 1570 tam
519 1532 737 1582 improvisa,
767 1543 891 1582 neque
919 1537 998 1568 tam
1031 1543 1142 1579 nova,
1170 1531 1218 1569 de

113 1600 192 1638 qua
220 1598 259 1623 se
287 1598 364 1623 non
392 1585 534 1633 omnia,
566 1598 652 1636 quae
675 1584 749 1622 dici
774 1590 944 1635 possunt,
971 1583 1218 1635 profiteantur

114 1652 192 1678 esse
209 1639 386 1677 dicturos.
432 1637 550 1685 Quod
576 1638 607 1676 si
630 1644 681 1685 te,
702 1637 828 1686 Cotta,
848 1637 1060 1686 arbitrarer,
1080 1645 1147 1675 aut
1165 1645 1216 1686 te,

115 1692 275 1743 Sulpici,
304 1691 351 1729 de
379 1692 425 1729 iis
450 1693 562 1729 rebus
587 1691 716 1729 audire
742 1691 852 1739 velle,
881 1690 1121 1728 adduxissem
1139 1691 1216 1728 huc

116 1746 294 1784 Graecum
313 1745 494 1796 aliquem,
515 1744 583 1795 qui
597 1757 661 1782 vos
674 1743 886 1782 istiusmodi
901 1744 1219 1794 disputationibus

112 1799 337 1844 delectaret3
367 1798 470 1849 quod
488 1810 536 1835 ne
554 1810 655 1835 nunc
677 1797 832 1848 quidem
858 1796 1009 1834 difficile
1026 1796 1128 1834 factu
1148 1804 1215 1834 est.

116 1853 189 1891 Est
206 1851 308 1890 enim
326 1850 430 1901 apud
448 1851 509 1888 M.
530 1850 722 1898 Pisonem,
742 1850 1015 1888 adolescentem
1032 1851 1113 1898 jam
1129 1850 1218 1888 huic

115 1905 240 1945 studio
258 1903 444 1953 deditum,
465 1916 615 1942 summo
633 1903 856 1942 hominem
845 1904 1011 1954 mgenio,
1027 1903 1220 1953 nostrique

115 1957 418 2010 cupidissimum,
457 1957 720 2008 peripateticus
761 1957 920 2004 Staseas,
957 1957 1073 1994 homo
1108 1956 1217 1993 nobis

115 2024 204 2050 sane
228 2010 437 2059 familiaris,
457 2017 508 2058 et,
527 2018 572 2048 ut
589 2010 686 2048 inter
704 2009 876 2048 homines
893 2009 1031 2060 peritos
1049 2015 1217 2047 constare

116 2063 267 2111 video,
257 2075 298 2101 m
315 2063 383 2101 illo
401 2076 469 2102 suo
487 2076 622 2114 genere
640 2063 814 2102 omnium
833 2062 1016 2113 princeps.

169 2116 338 2155 XXIII.
358 2115 488 2164 Quem
507 2125 548 2154 tu
568 2116 677 2164 mihi,
698 2116 824 2166 inquit
842 2114 1012 2163 Mucius,
1033 2116 1216 2162 Staseam,

117 2182 233 2221 quem
254 2169 540 2220 peripateticum
566 2182 693 2208 narras
707 2171 725 2208 ἓ
755 2167 952 2207 Gerendus
971 2175 1025 2206 est
1044 2168 1113 2206 tibi
1138 2181 1220 2206 mos
