1407 2308
281 81 357 121 DE
377 80 669 129 ORATORE,
698 80 794 118 Lm.
813 80 846 118 I.
875 79 978 120 CAP.
995 84 1057 120 50.
1146 83 1217 127 175

107 200 185 235 rus,
206 201 319 239 quem
338 201 413 227 non
431 188 543 239 longe
560 187 637 226 ruri
657 187 758 237 apud
778 200 816 225 se
833 200 911 226 esse
924 187 1050 236 audio,
1080 190 1135 226 vir
1155 202 1211 227 re-

109 241 242 292 gendae
256 243 469 294 reipublicae
488 240 765 287 scientissimus,
782 240 810 277 si
826 240 997 287 audierit,
1014 242 1110 280 hanc
1122 255 1209 280 auc.

107 294 295 333 toritatem
328 296 519 346 gravitatis
552 302 589 333 et
624 294 767 331 consilii
799 294 858 330 sui
890 294 1067 332 vindicari
1099 309 1121 333 a
1158 303 1208 343 te,

108 347 254 396 Crasse,
275 348 377 399 quod
392 361 474 386 eam
493 347 647 386 oratoris
665 346 855 398 propriam
874 360 950 385 esse
975 347 1100 393 dicas;
1126 349 1208 397 jam

106 400 250 448 (credo)
283 402 357 439 huc
391 401 526 449 veniat,
557 408 593 439 et
626 401 724 438 hanc
751 400 1014 450 loquacitatem
1042 409 1207 440 nostram

104 454 212 492 vultu
224 454 305 505 ipso
317 454 569 506 adspectuque
583 460 807 492 conterreat:
830 453 895 504 qui
908 467 1141 505 quamquam
1153 461 1209 494 est

99 507 141 545 in
160 507 316 545 dicendo
344 508 500 546 minime
528 507 834 553 contemnendus,
864 507 1063 557 prudentia
1082 515 1208 547 tamen

100 573 227 598 rerum
255 573 480 611 magnarum
509 561 630 611 magis
657 572 773 611 quam
801 560 947 598 dicendi
965 568 1043 598 arte
1062 561 1205 600 nititur.

103 613 240 664 Neque
260 627 359 662 vero,
389 615 419 652 si
438 614 522 665 quis
541 623 747 664 utrumque
765 620 899 664 potest,
920 620 985 650 aut
1003 614 1067 652 ille
1086 615 1204 652 consi-

102 666 144 703 lii
171 667 314 717 publici
341 675 482 715 auctor,
510 680 552 705 ac
571 674 717 705 senator
743 668 878 715 bonus,
910 668 957 704 ob
988 667 1207 718 eamipsam

103 733 254 758 causam
273 727 396 758 orator
415 727 494 766 est3
525 727 590 758 aut
618 720 680 758 hic
704 719 862 758 disertus
880 727 993 770 atque
1012 721 1204 771 eloquens,

103 773 134 811 si
164 780 219 812 est
245 773 374 811 idem
364 786 404 811 111
422 773 680 824 procuratione
705 773 863 811 civitatis
882 773 1066 823 egregius,
1098 774 1205 812 illam

104 827 296 864 scientiam
310 826 457 865 dicendi
471 826 578 877 copia
592 834 647 865 est
661 833 888 864 consecutus.
919 826 1094 863 Multum
1109 827 1206 865 inter

104 893 143 918 se
162 879 300 917 distant
318 879 398 918 istae
416 880 624 926 facultates,
650 880 837 929 longeque
855 886 943 916 sunt
961 879 1128 927 diversae,
1149 887 1205 918 at-

102 945 178 983 que
196 933 396 981 sejunctae,
386 946 395 956 ·
417 945 540 984 neque
558 933 689 970 eadem
715 932 857 970 ratione
875 945 918 970 ac
936 932 998 971 via
1016 931 1076 969 M.
1095 932 1203 982 cato,

105 986 150 1023 P.
166 984 384 1035 Africanus,
418 986 469 1033 Q.
494 986 689 1034 Metellus,
722 985 766 1022 C.
794 985 949 1032 Laelius,
981 985 1047 1036 qui
1074 998 1205 1024 omnes

102 1039 317 1090 eloquentes
348 1039 516 1087 fuerunt,
547 1039 752 1077 orationem
771 1051 893 1087 suam,
925 1045 962 1075 et
989 1038 1204 1089 reipublicae

99 1091 337 1142 dignitatem,
358 1094 601 1130 exornabant.

155 1145 203 1183 L.
233 1145 371 1196 Neque
397 1146 499 1183 enim
527 1152 582 1183 est
604 1144 846 1183 interdictum
866 1152 932 1183 aut
950 1158 973 1182 a
990 1158 1117 1184 rerum
1135 1158 1202 1184 na-

99 1198 200 1245 tura,
221 1205 288 1236 aut
305 1211 328 1236 a
344 1199 427 1248 lege
455 1198 583 1250 aliqua
601 1205 714 1249 atque
737 1210 855 1246 more,
875 1205 942 1236 aut
960 1198 1117 1249 singulis
1135 1200 1203 1237 ho-

100 1251 280 1300 minibus,
301 1263 349 1289 ne
367 1252 543 1303 amplius,
565 1264 681 1302 quam
709 1251 876 1301 singulas
894 1258 1003 1299 artes,
1030 1254 1139 1290 nesse
1156 1253 1203 1290 li·-

98 1312 190 1343 ceat.
220 1305 350 1352 Quare
369 1317 458 1353 non,
476 1305 543 1343 etsi
571 1304 896 1355 eloquentissimus
915 1304 1078 1342 Athenis
1098 1305 1203 1342 Peri-

98 1358 185 1405 cles,
205 1358 382 1409 idemque
396 1359 435 1395 in
455 1358 499 1396 ea
516 1358 664 1396 civitate
682 1357 865 1408 plurimos
890 1369 1006 1394 annos
1030 1358 1203 1409 princeps

96 1411 241 1449 consilii
258 1411 401 1462 publici
426 1411 514 1458 fuit,
540 1411 676 1448 idcirco
704 1410 872 1458 ejusdem
899 1409 1063 1448 hominis
1089 1418 1204 1462 atque

97 1464 187 1501 artis
219 1471 379 1514 utraque
409 1463 567 1501 facultas
599 1462 848 1501 existimanda
872 1469 952 1508 est;
984 1475 1065 1512 nec,
1095 1465 1125 1501 si
1154 1464 1199 1501 P.

96 1517 254 1555 Crassus
272 1517 373 1554 idem
392 1516 465 1554 fuit
484 1517 674 1568 eloquens,
702 1523 739 1554 et
753 1516 849 1564 juris
866 1516 1022 1566 peritus,
1049 1518 1098 1555 ob
1117 1530 1201 1556 eam

97 1583 251 1608 causam
269 1570 364 1608 inest
382 1569 422 1607 in
436 1570 614 1608 facultate
628 1569 798 1607 dicendi·
784 1568 880 1618 Juris
898 1569 1016 1607 civilis
1035 1570 1198 1608 scientia.

100 1623 205 1661 Nam
230 1623 260 1661 si
280 1623 452 1674 quisque,
473 1630 516 1660 ut
534 1623 573 1659 in
592 1623 721 1674 aliqua
734 1629 812 1660 arte
831 1628 867 1659 et
881 1621 1058 1660 facultate
1076 1624 1198 1661 excel

97 1677 192 1725 lens,
220 1676 335 1714 aliam
360 1689 511 1727 quoque
536 1682 654 1713 artem
674 1676 744 1713 sibi
762 1675 989 1723 assumserit,
1018 1676 1070 1713 ita
1086 1677 1199 1727 perfi-

95 1729 181 1778 ciet,
201 1737 258 1777 ut,
279 1729 381 1780 quod
398 1736 577 1780 praeterea
594 1729 697 1777 sciet,
717 1728 757 1766 id
774 1729 868 1777 ejus,
882 1728 921 1765 in
936 1741 1012 1779 quo
1027 1730 1197 1777 excellet,

93 1795 179 1833 pars
197 1783 371 1834 quaedam
390 1795 467 1820 esse
495 1781 806 1827 videatur31icet
831 1780 904 1818 ista
930 1781 1072 1820 ratione
1097 1782 1198 1820 dica-

94 1848 194 1883 mus,
214 1835 294 1895 pila
310 1837 406 1873 bene
425 1842 462 1873 et
475 1835 672 1873 duodecim
687 1834 832 1885 scriptis
844 1833 987 1883 ludere,
1003 1835 1199 1885 proprium

93 1901 173 1927 esse
186 1888 284 1938 juris
303 1888 436 1936 civilis,
456 1889 637 1939 quoniam
655 1894 861 1938 utrumque
887 1899 1016 1925 eorum
1036 1888 1081 1925 P.
1102 1888 1198 1925 Mu-

93 1941 175 1980 eius
200 1941 342 1992 optime
367 1941 517 1987 fecerit3
548 1941 755 1992 eademque
779 1940 920 1985 ratione
947 1940 1132 1987 dicantur,
1162 1947 1200 1978 et

96 2001 191 2054 quos
218 2000 387 2037 Φυσικους
413 1994 536 2032 Graeci
554 1994 764 2041 nominant,
795 1993 910 2032 iidem
938 1996 1072 2056 poe'tae,
1103 2006 1196 2043 quo-

96 2047 200 2085 niam
217 2046 466 2098 Empedocles
484 2047 660 2098 physicus
686 2046 878 2097 egregium
905 2049 1041 2106 poe'ma
1059 2045 1197 2084 fecerit.

97 2099 156 2137 At
172 2099 243 2138 hoc
260 2111 309 2137 ne
326 2100 539 2152 philosophi
564 2100 718 2151 quidem
743 2099 828 2150 ipsi,
855 2099 921 2150 qui
940 2098 1080 2146 omnia,
1101 2098 1197 2136 sicut

95 2152 260 2204 propria,
279 2165 347 2193 sua
365 2165 456 2206 esse,
476 2160 589 2206 atque
606 2166 629 2195 a
647 2167 686 2193 se
709 2151 887 2206 possideri
908 2151 1052 2202 volunt,
1079 2151 1200 2191 dicere
