1428 2308
236 60 314 101 DE
343 60 730 111 INVENTIONE,
761 61 858 100 Lm.
877 61 909 101 Ι.
940 62 1123 101 ΟΑΡ.23.
1180 65 1232 102 23

128 169 249 208 verbis
269 181 393 221 neque
410 169 594 208 extraneis
613 169 855 217 ornamentis,
882 169 1032 208 animus
1050 170 1230 208 auditoris

125 222 307 261 tenendus
327 231 392 261 est.
431 223 635 261 Absolutio
659 231 726 271 est,
752 236 820 273 pcr
847 236 964 273 quam
983 224 1124 269 omnia,
1145 238 1232 274 quae

123 274 295 314 incidunt
312 276 352 313 in
371 289 537 324 causam,
558 289 707 326 genera,
723 276 769 313 (le
788 276 926 326 quibus
945 277 1146 314 dicendum
1162 285 1230 324 est,

123 330 411 380 amplectimur:
441 330 482 367 in
511 330 588 380 qua
617 329 816 380 partitione
845 329 1049 367 videndum
1086 337 1153 377 est,
1183 343 1230 368 ne

123 390 191 420 aut
215 383 368 434 aliquod
391 395 509 434 genus
534 383 627 420 utile
652 383 898 433 relinquatur,
930 391 996 420 aut
1021 396 1100 421 sero
1126 391 1231 421 extra

122 435 377 485 partitionem,
408 436 447 474 id
467 436 568 487 quod
593 436 873 473 vitiosissimum
899 449 941 473 ac
967 437 1227 487 turpissimum

123 495 192 536 est,
211 489 405 527 inferatur.
436 489 610 527 Paucitas
632 490 671 526 in
690 489 889 539 partitione
908 497 1088 537 servatur,
1111 490 1142 527 si
1163 503 1227 540 gc-

121 553 212 579 nera
224 542 306 592 ipsa
319 555 446 580 rerum
465 550 672 593 ponuntur,
696 555 819 593 neque
839 543 1025 593 permixte
1040 556 1127 580 cum
1142 557 1228 594 par-

118 595 221 633 tibus
235 596 487 646 implicantur.
518 597 623 633 Nam
638 609 756 646 genus
775 603 842 642 est,
866 596 968 646 quod
988 597 1115 647 plures
1141 610 1227 647 par-

119 655 174 686 tes
193 649 444 700 amplectitur,
459 656 503 686 ut
522 650 675 686 animal.
707 649 800 686 Pars
819 657 886 696 est,
907 663 994 700 quae
1013 651 1139 687 subest
1157 663 1221 699 ge-

117 702 212 749 neri,
233 711 276 740 ut
294 715 424 753 equus.
465 703 539 740 Sed
559 709 656 753 saepe
675 702 806 739 eadem
829 715 886 740 res
913 703 977 739 alii
996 715 1128 752 genus,
1159 704 1223 740 alii

117 767 203 805 pars
223 762 288 793 est.
328 756 433 793 Nam
458 756 587 805 homo,
618 755 792 793 animalis
821 768 907 806 pars
938 763 1017 801 est;
1048 756 1226 794 Thebani

117 815 185 846 aut
203 808 376 857 Trojani,
396 821 526 859 genus.

170 861 338 899 XXIII.
369 863 467 900 Haec
483 862 567 899 ideo
581 861 798 912 diligentius
817 861 1009 900 inducitur
1026 863 1222 913 praescrip-

115 914 183 963 tio,
203 922 259 962 ut,
281 922 406 966 aperte
426 915 615 953 intellecta
636 915 800 975 generali
818 916 1031 966 partitione,
1055 917 1225 967 paucitas

115 981 297 1029 generum
326 969 367 1006 in
393 969 592 1019 partitione
621 969 758 1006 servari
782 968 909 1018 possit.
950 969 1056 1006 Nam
1084 970 1150 1020 qui
1169 971 1222 1007 ita

114 1021 289 1083 partitur,
305 1021 530 1070 Ostendam,
549 1029 701 1073 propter
715 1022 959 1082 cupiditatem
975 1029 1011 1060 et
1024 1023 1221 1060 audaciam

116 1082 153 1112 et
185 1075 382 1113 avaritiam
414 1075 725 1136 adversariorum,
756 1076 884 1112 onmia
908 1075 1148 1113 incommoda
1177 1077 1224 1113 ad

114 1129 389 1189 rempublicam
410 1142 501 1179 perv
503 1129 645 1174 enisse3
675 1129 707 1166 is
726 1141 802 1166 non
820 1128 1020 1175 intellexit,
1041 1129 1080 1166 in
1105 1130 1222 1180 parti-

112 1181 228 1229 tione,
249 1182 416 1232 exposito
430 1195 577 1232 genere,
593 1189 740 1232 partem
755 1195 793 1219 se
807 1182 952 1232 generis
967 1182 1219 1220 admiscuisse.

114 1234 220 1272 Nam
239 1248 358 1286 genus
380 1242 447 1282 est,
468 1236 640 1273 omnium
665 1236 849 1273 nimirum
874 1235 1092 1283 libidinum,
1115 1236 1220 1286 cupi-

109 1287 231 1325 ditas:
261 1289 343 1337 ejus
370 1296 499 1326 autem
523 1288 669 1339 generis
697 1289 777 1326 sine
804 1288 921 1326 dubio
945 1301 1031 1339 pars
1047 1296 1102 1326 est
1128 1302 1216 1327 ava-

112 1341 209 1378 ritia.

167 1394 254 1432 Hoc
277 1394 394 1445 igitur
412 1394 609 1432 vitandum
629 1402 697 1442 est,
724 1407 785 1443 ne,
815 1395 923 1443 cujus
942 1407 1061 1445 genus
1088 1408 1222 1445 posue-

112 1447 176 1495 ris,
197 1448 277 1496 ejus
299 1447 465 1499 [secum]
482 1449 664 1500 aliquam,
685 1448 781 1486 sicut
794 1449 979 1485 diversam
994 1461 1036 1486 ac
1055 1449 1218 1486 dissimi-

112 1501 189 1538 lem
218 1508 379 1551 partem,
410 1514 528 1552 ponas
557 1503 597 1539 in
626 1502 758 1539 eadem
791 1502 1003 1552 partitione.
1043 1501 1159 1548 Quod
1188 1502 1219 1539 si

110 1554 215 1605 quod
242 1554 282 1591 in
303 1567 422 1614 genus
436 1555 563 1605 plures
577 1555 743 1592 incident
760 1562 898 1605 partes,
918 1555 957 1591 id
972 1567 1060 1592 cum
1079 1555 1119 1592 in
1137 1555 1214 1605 pri-

107 1607 174 1645 ma
195 1607 394 1658 partitione
414 1621 535 1646 causae
556 1609 625 1646 erit
647 1609 865 1658 simpliciter
891 1608 1118 1658 expositum,
1140 1609 1215 1646 dis-

108 1661 295 1698 tribuetur
313 1674 356 1700 eo
377 1668 546 1712 tempore
570 1662 885 1722 commodissime,
913 1674 1001 1698 cum
1020 1661 1213 1712 adipsum

108 1721 265 1752 ventum
284 1714 353 1752 erit
371 1715 670 1765 explicandum
660 1728 700 1752 1n
715 1728 837 1753 causae
851 1714 1012 1752 dictione
1025 1722 1110 1765 post
1128 1728 1215 1765 par-

107 1767 292 1805 titionem.
330 1768 464 1819 Atque
488 1768 585 1805 illud
610 1781 762 1819 quoque
786 1768 947 1819 pertinet
972 1768 1020 1805 ad
1044 1769 1215 1818 paucita-

105 1828 198 1867 tem,
231 1833 279 1858 ne
301 1829 367 1869 aut
384 1822 508 1871 plura,
538 1834 655 1872 quam
685 1822 773 1859 satis
800 1828 868 1867 est,
898 1820 1216 1858 demonstraturos

107 1885 175 1911 nos
186 1873 370 1922 dicamus,
382 1874 454 1912 hoc
467 1875 602 1912 modo:
617 1875 842 1922 Ostendam,
855 1873 1096 1920 adversarios,
1114 1874 1216 1924 quod

105 1927 314 1977 arguimus,
341 1935 378 1966 et
396 1928 560 1978 potuisse
578 1928 711 1975 facere,
741 1936 778 1966 et
796 1927 970 1974 voluisse,
998 1935 1034 1964 et
1059 1927 1212 1970 fecisse;

106 1991 197 2016 nam
222 1980 350 2018 fecisse
375 1981 566 2018 ostendere
594 1982 681 2019 satis
708 1989 786 2018 est:
817 1987 896 2027 aut,
923 1992 1011 2017 cum
1036 1980 1075 2016 in
1101 1979 1214 2017 causa

105 2032 256 2082 partitio
280 2034 388 2071 nulla
412 2034 472 2081 sit,
502 2041 539 2072 et
562 2047 650 2072 cum
669 2034 852 2085 quiddam
879 2033 1040 2083 simplex
1065 2039 1212 2082 agatur,

106 2092 234 2123 tamen
248 2093 402 2124 utamur
420 2087 706 2131 distributione;
737 2087 776 2124 id
798 2086 900 2137 quod
923 2098 1073 2136 perraro
1094 2091 1216 2135 potest

106 2139 281 2179 accidere.
310 2140 372 2178 Ac
390 2148 478 2179 sunt
496 2141 571 2178 alia
584 2153 736 2191 quoque
754 2146 942 2190 praecepta
954 2138 1215 2189 partitionum,
