1407 2308
233 99 308 138 DE
339 99 631 148 ORATORE,
662 100 759 138 Lm.
782 100 839 138 ΙΙ.
870 100 973 139 ΟΑΡ.
995 101 1058 140 20.
1114 101 1192 139 213

91 205 264 244 hesterno
281 205 342 245 die
361 207 517 245 Crassus
535 207 709 258 componi
735 220 843 257 posse
865 207 1035 245 dicebat:
1066 215 1110 245 ut
1127 220 1191 257 ge·

93 271 183 296 nera
209 273 337 297 rerum
361 261 529 311 primum
558 269 848 311 exponerentur,
879 261 919 298 in
949 274 1025 311 quo
1055 261 1189 298 vitium

91 319 158 359 est,
179 312 210 350 si
227 326 345 363 genus
363 314 487 351 ullum
505 314 811 364 praetermittatur
826 328 835 350 z
867 313 1002 351 deinde
1020 314 1190 364 singulo-

90 378 178 402 rum
195 379 375 416 generum
394 375 532 417 partes,
552 367 591 404 in
611 379 686 418 quo
707 375 743 404 et
767 367 893 404 deesse
919 367 1085 418 aliquam
1104 380 1191 417 par-

90 426 182 466 tem,
213 427 250 456 et
279 433 467 470 superare,
501 420 722 457 mendosum
757 428 834 458 est:
872 428 956 457 tum
989 421 1189 457 verborum

91 472 266 510 omnium
290 473 537 520 definitiones,
564 473 603 510 in
630 473 768 524 quibus
791 486 912 523 neque
938 475 1064 511 abesse
1082 473 1194 524 quid-

92 537 209 575 quam
229 525 347 573 decet,
368 539 490 578 neque
509 526 730 563 redundare.

146 578 240 616 XX.
269 579 345 617 Sed
370 579 440 617 hoc
467 580 497 616 si
523 580 562 616 in
584 581 670 628 jure
695 579 807 625 civili,
829 579 860 617 si
878 579 992 617 etiam
1011 579 1050 616 in
1070 580 1195 630 parvis

92 638 159 668 aut
176 632 424 670 mediocribus
438 635 548 670 rebus
563 632 743 670 doctiores
757 633 904 684 assequi
917 640 1098 683 possunt3
1118 645 1194 670 non

94 684 195 721 idem
215 685 346 733 sentio,
368 686 472 723 tanta
490 686 588 723 hac'
578 698 617 722 ln
632 699 685 733 re,
702 694 857 737 tamque
872 686 1072 733 immensa,
1089 698 1196 736 posse

94 736 185 774 fieri.
226 738 293 776 Sin
312 746 438 776 autem
457 739 523 789 qui
542 739 783 787 arbitrantur,
804 738 1011 776 deducendi
1037 746 1125 776 sunt
1148 739 1196 777 ad

95 803 156 828 eos
183 791 250 841 qui
275 791 355 829 haec
381 791 541 829 docent.
580 792 709 829 omnia
732 793 813 840 jam
840 792 1025 842 explicata
1051 799 1087 829 et
1111 805 1196 842 per-

94 843 212 893 polita
229 852 497 895 assequentur;
527 852 616 882 sunt
640 844 741 882 enim
760 844 1053 882 innumerabiles
1072 844 1119 882 de
1138 845 1197 883 his

94 898 206 935 rebus
222 897 323 945 libri,
342 909 465 948 neque
478 897 596 934 abditi
610 909 732 947 neque
746 897 905 935 obscuri.
935 897 1010 936 Sed
1028 897 1193 946 videant,

94 949 188 1000 quid
219 950 360 995 velint;
389 950 438 987 ad
468 949 742 997 ludendumne,
773 962 821 987 an
850 950 900 987 ad
926 951 1193 1001 pugnandum,

93 1015 200 1039 arma
218 1003 292 1040 sint
305 1003 478 1040 sumturi.
506 1003 630 1040 Aliud
648 1003 749 1040 enim
763 1016 894 1053 pugna
912 1011 949 1041 et
962 1003 1069 1050 acies,
1091 1004 1193 1041 aliud

93 1055 207 1093 ludus
239 1069 470 1107 campusque
505 1063 643 1103 noster,
681 1055 875 1093 desiderat.
918 1057 1104 1094 Attamen
1136 1071 1195 1095 ars

94 1109 176 1159 ipsa
193 1109 338 1147 ludicra
355 1122 547 1147 armorum
566 1118 603 1146 et
619 1109 818 1158 gladiatori
846 1115 883 1146 et
907 1109 1020 1147 militi
1045 1110 1196 1160 prodest

94 1161 262 1212 aliquid:
293 1162 358 1200 sed
375 1163 525 1200 animus
543 1174 626 1200 acer
644 1169 680 1200 et
698 1174 872 1212 praesens,
894 1169 930 1199 et
949 1169 1080 1200 acutus
1095 1163 1195 1200 idem

95 1222 210 1265 atque
233 1222 417 1264 versutus,
443 1215 599 1254 invictos
624 1215 721 1252 viros
747 1214 872 1262 efficit,
904 1227 979 1253 non
1008 1215 1197 1254 difficilius

97 1275 176 1306 arte
193 1269 404 1318 conjuncta.

149 1321 280 1369 Quare
301 1334 369 1372 ego
388 1322 456 1359 tibi
475 1328 659 1360 oratorem
678 1321 729 1359 sic
749 1322 831 1370 jam
850 1321 1059 1369 instituam,
1080 1322 1110 1360 si
1129 1336 1196 1374 po-

97 1382 190 1422 tero,
217 1383 273 1422 ut,
303 1375 396 1426 quid
423 1374 565 1412 efficere
593 1375 722 1425 possit,
749 1382 835 1413 ante
859 1374 1093 1425 perspiciam.
1137 1376 1196 1414 Sit

98 1427 199 1464 enim
217 1428 312 1464 mihi
330 1427 469 1465 tinctus
485 1428 625 1473 literis3
656 1428 815 1465 audierit
839 1428 1007 1478 aliquid3
1036 1429 1192 1479 legerit;

97 1480 168 1518 ista
196 1481 278 1531 ipsa
301 1489 485 1531 praecepta
514 1480 718 1531 acceperit:
750 1482 901 1518 tentabo
929 1480 1192 1531 quiddeceat,

98 1533 192 1584 quid
221 1546 322 1581 voce,
354 1534 446 1584 quid
473 1533 628 1580 viribus,
655 1533 748 1584 quid
774 1534 920 1584 spiritu,
948 1534 1041 1584 quid
1064 1535 1197 1586 lingua

98 1586 241 1624 efficere
265 1587 391 1637 possit.
435 1587 476 1624 Si
499 1587 708 1636 inteUigam
733 1599 839 1636 posse
861 1587 909 1624 ad
927 1599 1095 1626 summos
1113 1601 1197 1639 per-

100 1640 238 1688 venire,
265 1652 342 1677 non
368 1640 491 1677 solum
516 1639 705 1687 hortabor,
726 1646 769 1676 ut
787 1640 962 1687 elaboret,
983 1640 1047 1677 sed
1066 1641 1194 1690 etiam,

99 1692 130 1730 si
149 1692 204 1730 vir
223 1706 373 1744 quoque
390 1693 486 1729 mihi
503 1694 624 1730 bonus
650 1692 849 1739 videbitur,
870 1695 1092 1731 obsecrabo:
1114 1702 1196 1731 tan-

99 1752 184 1783 tum
202 1759 271 1797 ego
293 1746 334 1783 in
359 1746 561 1783 excellente
586 1752 742 1793 oratore,
769 1752 805 1783 et
823 1746 953 1782 eodem
979 1746 1058 1784 viro
1082 1749 1195 1793 bono,

99 1811 199 1849 pono
217 1812 294 1837 esse
312 1799 522 1837 ornamenti
538 1799 720 1835 universae
734 1798 884 1836 civitati„
913 1799 981 1837 Sin
995 1799 1195 1849 videbitur,

100 1864 189 1889 cum
207 1852 335 1890 omnia
353 1865 503 1889 summa
520 1851 659 1898 fecerit,
682 1858 809 1888 tamen
828 1851 875 1888 ad
894 1851 1097 1890 medioeres
1115 1867 1196 1891 ora-

100 1911 197 1943 tores
216 1918 293 1943 esse
311 1912 514 1950 venturus;
535 1905 751 1955 permittam
770 1904 854 1955 ipsi,
875 1905 967 1955 quid
981 1905 1095 1951 velit3
1115 1919 1197 1944 mo-

100 1957 216 1996 lestus
239 1970 466 2009 magnopere
490 1970 567 1995 non
592 1970 664 1995 ero.
702 1957 769 1995 Sin
787 1958 899 2008 plane
917 1958 1142 2006 abhorrebit,
1163 1967 1200 1997 et

103 2011 173 2049 erit
186 2012 394 2056 absurdus;
423 2018 467 2048 ut
485 2024 524 2048 se
542 2010 741 2058 contineat,
757 2018 823 2048 aut
841 2011 888 2048 ad
907 2010 1011 2047 aliud
1029 2011 1197 2050 studium

104 2063 314 2108 transferat..
341 2064 562 2102 admonebo.
607 2065 710 2101 Nam
740 2077 862 2114 neque
889 2063 934 2105 is,
965 2063 1031 2113 qui
1059 2065 1201 2115 optime

105 2123 239 2166 potest,
275 2117 499 2155 deserendus
535 2117 614 2155 ullo
651 2116 763 2155 modo
804 2127 858 2154 est
895 2130 917 2153 a
952 2117 1204 2156 cohortatione

105 2170 247 2217 nostra,
275 2182 398 2221 neque
426 2171 473 2218 is,
506 2171 574 2222 qui
604 2170 747 2220 aliquid
776 2177 910 2221 potest,
940 2169 1204 2218 deterrendus;
