1407 2334
231 102 307 142 DE
335 102 627 154 ORATORE,
658 104 755 142 Lm.
773 103 830 142 ΙΙ.
859 102 962 142 ΟΑΡ.
979 103 1043 147 78.
1108 99 1185 146 275

85 208 297 257 mediocria,
317 213 424 254 (nam
437 210 577 250 vitiosis
591 223 779 262 nusquam
793 222 870 248 esse
882 215 1026 260 oportet
1038 209 1181 253 locum)

83 262 123 299 in
141 263 305 301 mediam
324 266 488 312 turbam,
509 272 621 315 atque
638 265 678 302 in
696 276 861 314 gregem,
881 262 1136 312 conjiciantur.

133 315 248 354 Hisce
261 316 436 355 omnibus
454 319 564 355 rebus
583 317 834 364 consideratis,
851 323 934 354 tum
949 314 1109 365 denique
1123 313 1177 359 id,

78 367 181 418 quod
198 369 365 419 primum
383 377 438 408 est
459 370 674 417 dicendum,
699 378 931 421 postremum
957 368 1056 406 soleo
1078 367 1177 417 cogi-

77 427 169 468 tare,
189 434 265 472 quo
287 430 372 460 utar
395 424 571 462 exordio:
592 436 697 472 nam,
722 423 753 460 si
778 422 929 473 quando
949 421 989 458 id
1010 420 1177 471 primum

74 472 241 512 invenire
259 475 374 523 volui,
395 477 545 514 nullum
564 477 660 513 mihi
683 477 854 522 occurrit,
882 474 954 512 nisi
979 481 1045 511 aut
1066 473 1176 519 exile,

73 532 140 564 aut
157 528 412 577 nugatorium,
432 537 498 567 aut
516 530 681 580 vulgare,
702 536 814 579 atque
832 539 1042 566 commune.

127 579 371 619 LXXVIII.
401 582 592 632 Principia
609 590 735 619 autem
753 581 900 619 dicendi
923 592 1068 630 semper
1089 591 1177 617 cum

71 640 256 680 accurata,
276 641 313 671 et
330 641 453 682 acuta,
473 643 510 673 et
523 636 702 673 instructa
715 634 918 681 sententiiS,
935 640 1024 683 apta
1038 632 1173 678 verbis,

71 690 157 722 tum
176 699 262 724 vero
281 700 477 725 causarum
495 689 658 739 propria,
679 701 756 726 esse
780 687 928 725 debent.
968 685 1098 722 Prima
1123 691 1177 722 est

72 738 175 775 enim
194 740 301 790 quasi
315 741 475 791 cognitio
490 748 526 778 et
540 740 813 779 commendatio
827 739 1002 777 orationis
1016 738 1055 775 in
1070 737 1174 788 prin-

70 791 182 842 cipio,
203 805 289 842 quae
307 794 483 832 continuo
506 807 608 841 eum,
629 794 696 845 qui
721 793 840 840 audit,
866 792 1096 843 permulcere
1118 798 1174 828 at-

71 857 147 894 que
165 845 311 883 allicere
329 846 449 884 debet.
485 847 533 884 In
552 860 628 898 quo
647 846 824 884 admirari
841 846 954 891 soleo,
974 856 1049 881 non
1069 843 1175 894 equi-

72 897 158 934 dem
178 898 279 945 istos,
301 899 367 950 qui
386 899 532 937 nullam
546 900 635 937 huic
653 900 706 937 rei
724 911 875 949 operam
894 897 1089 943 dederunt,
1111 897 1175 934 sed

70 949 301 988 hominem
290 964 330 988 m
356 952 489 1002 primis
514 953 694 990 disertum
721 959 834 1002 atque
855 951 1058 997 eruditum,
1081 949 1174 986 Phi-

69 1002 233 1054 lippum,
254 1004 320 1055 qui
338 1004 391 1042 ita
409 1006 502 1043 solet
519 1005 568 1043 ad
586 1005 786 1043 dicendum
809 1017 971 1054 surgere,
992 1010 1048 1050 ut,
1073 1002 1175 1053 quod

70 1056 239 1106 primum
258 1058 415 1095 verbum
433 1058 630 1096 habiturus
649 1058 709 1105 sit,
730 1057 893 1102 nesciat3
924 1063 960 1094 et
982 1056 1035 1094 ait
1055 1056 1172 1102 idem,

69 1121 159 1146 cum
176 1109 372 1148 brachium
391 1111 680 1158 concalefecerit,
700 1119 784 1149 tum
802 1124 840 1149 se
854 1110 969 1148 solere
983 1121 1173 1160 pugnare:

68 1173 191 1213 neque
209 1163 380 1211 attendit,
401 1177 462 1202 eos
481 1164 593 1215 ipsos,
612 1165 714 1202 unde
727 1165 798 1202 hoc
813 1163 934 1202 simile
947 1162 1072 1208 ducat,
1090 1163 1174 1199 illas

67 1215 209 1264 primas
233 1215 358 1254 hastas
382 1217 436 1255 ita
456 1218 596 1266 jactare
619 1218 765 1263 leniter,
788 1224 833 1254 ut
855 1223 891 1254 et
910 1215 1095 1254 venustati
1114 1215 1172 1252 vel

66 1268 234 1306 maxime
256 1270 432 1318 serviant,
456 1277 493 1308 et
516 1271 669 1322 reliquis
697 1270 837 1308 viribus
865 1269 940 1307 suis
963 1268 1171 1306 consulant.

67 1321 207 1371 Neque
225 1329 280 1359 est
297 1322 472 1370 dubium,
492 1324 585 1374 quin
599 1323 796 1361 exordium
811 1321 957 1360 dicendi
971 1321 1171 1359 vehemens

65 1380 103 1410 et
120 1387 277 1424 pugnax
293 1387 370 1413 non
389 1389 486 1426 saepe
505 1389 582 1414 esse
599 1376 755 1414 debeat:
787 1375 864 1423 sed,
889 1375 919 1412 si
943 1374 983 1411 in
1005 1374 1086 1424 ipso
1104 1374 1171 1411 illo

62 1426 284 1476 gladiatorio
309 1428 397 1466 vitae
421 1429 634 1476 certamine,
655 1442 730 1480 quo
755 1427 852 1466 ferro
870 1427 1094 1475 decernitur,
1115 1434 1171 1465 ta-

63 1491 153 1517 men
171 1488 258 1518 ante
275 1493 515 1531 congressum
532 1482 656 1519 multa
673 1482 783 1528 fiunt,
804 1494 889 1532 quae
911 1493 987 1519 non
1012 1480 1061 1518 ad
1086 1480 1169 1518 vul-

65 1544 151 1580 nus,
179 1533 243 1570 sed
268 1534 316 1571 ad
341 1535 516 1585 speciem,
535 1535 657 1573 valere
683 1535 902 1580 videantur;
932 1540 1074 1594 quanto
1098 1533 1170 1571 hoc

65 1585 187 1636 magis
204 1586 244 1624 in
262 1587 428 1626 oratione
446 1588 781 1639 exspectandum,
770 1600 811 1624 m
833 1600 910 1638 qua
930 1599 1007 1624 non
1027 1587 1081 1624 vis
1099 1599 1168 1646 po-

64 1639 153 1686 tius,
174 1639 239 1677 sed.
256 1639 464 1701 delectatio,
483 1641 722 1692 postulatur?
751 1640 863 1678 Nihil
882 1646 936 1678 est
953 1639 1138 1690 denique
1128 1652 1167 1676 1n

64 1692 201 1730 natura
213 1704 339 1731 rerum
351 1694 536 1741 omnium,
551 1694 653 1745 quod
667 1707 705 1732 se
719 1694 937 1731 universum
947 1692 1165 1743 profundat,

62 1752 102 1783 et
119 1744 223 1797 quod
240 1752 364 1784 totum
381 1753 532 1797 repente
550 1747 693 1785 evolet.
721 1747 773 1785 sic
790 1746 931 1792 omnia,
952 1759 1037 1796 quae
1055 1745 1166 1791 fiunt,

63 1810 225 1850 quaeque
246 1806 411 1849 aguntur
434 1799 624 1848 acerrime,
650 1799 854 1838 lenioribus
880 1798 1074 1850 principiis
1100 1810 1168 1836 na-

61 1858 149 1889 tura
165 1852 247 1902 ipsa
264 1853 475 1902 praetexuit.

118 1904 214 1943 Haec
243 1911 370 1943 autem
398 1906 439 1944 in
468 1905 625 1944 dicendo
646 1918 722 1944 non
746 1906 974 1944 extrinsecus
995 1902 1169 1941 alicunde

64 1957 280 2008 quaerenda,
313 1959 378 1997 sed
409 1971 456 1997 ex
487 1959 578 2010 ipsis
605 1959 806 1997 visceribus
834 1971 955 1996 causae
985 1956 1169 1995 sumenda

67 2017 166 2049 sunt.
199 2011 359 2061 Idcirco,
378 2011 459 2050 tota
475 2012 588 2051 causa
603 2011 813 2063 pertentata
830 2018 943 2062 atque
961 2009 1166 2061 perspecta,

64 2063 154 2102 locis
181 2064 358 2104 omnibus
380 2065 542 2103 inventis
565 2072 678 2116 atque
700 2064 904 2109 instructis,
932 2062 1168 2101 consideran-

63 2116 158 2153 dum
176 2122 244 2165 est,
263 2130 339 2169 quo
356 2118 539 2170 principio
557 2118 605 2156 sit
621 2118 830 2156 utendum:
861 2116 912 2155 sic
931 2122 968 2154 et
985 2114 1092 2153 facile
1110 2128 1167 2153 re-

57 2169 230 2219 perietur.
272 2170 478 2211 Sumentur
507 2170 608 2211 enim
638 2184 684 2211 ex
715 2171 760 2209 iis
785 2171 909 2218 rebus,
941 2181 1026 2220 quae
1057 2173 1167 2207 erunt
