1407 2324
247 83 322 122 DE
343 83 549 124 CLARIS
569 83 957 132 ORATORIBUS,
971 84 1074 122 Cn.
1092 84 1154 121 68.
1176 85 1253 121 419

149 198 194 228 ut
209 190 320 230 citius
338 191 611 237 veteratoriam,
632 204 746 242 quam
766 191 980 237 oratoriam,
995 191 1145 229 diceres.
1176 190 1252 227 Hic

147 243 217 282 etsi
243 244 357 283 etiam
385 245 425 282 in
455 245 616 296 publicis
643 245 761 282 causis
791 246 1032 295 probabatur,
1057 252 1182 282 tamen
1213 244 1249 280 in

147 297 303 348 privatis
321 298 562 336 illustriorem
581 298 773 336 obtinebat
794 298 932 335 locum.

202 350 407 389 LXVIII.
447 351 492 389 C.
512 351 646 389 deinde
675 352 777 397 Piso,
799 351 986 396 statarius,
1008 358 1045 388 et
1070 350 1251 388 sermonis

147 404 284 455 plenus
302 411 439 452 orator,
459 404 617 443 minime
635 405 699 442 ille
718 404 871 455 quidem
891 404 1019 442 tardus
1038 404 1077 441 in
1104 404 1252 453 excogi-

147 456 278 504 tando,
292 465 550 496 verumtamen
563 459 670 496 vultu
683 466 719 495 et
734 457 985 505 simulatione,
1001 458 1122 495 multo
1141 457 1254 495 etiam

151 510 307 558 acutior,
327 524 443 562 quam
463 519 554 558 erat,
575 512 781 549 videbatur.
830 512 934 548 Nam
962 512 1042 559 ejus
1068 511 1252 561 aequalem

152 563 215 601 Μ’
236 564 496 611 Glabrionem,
524 567 619 602 bene
643 565 860 602 institutum
888 564 948 602 avi
971 565 1147 602 Scaevolae
1166 564 1251 601 dili-

152 617 293 666 gentia,
320 630 441 656 socors
455 618 572 669 ipsius
590 625 725 655 natura
742 617 1012 668 negligensque
1030 618 1251 655 tardaverat.

153 669 285 708 Etiam
310 671 358 708 L.
388 671 620 722 Torquatus,
641 672 789 722 elegans
816 671 856 708 in
874 671 1045 718 dicendo,
1066 671 1106 708 in
1125 670 1253 708 existi-

154 723 294 761 mando
313 723 519 762 admodum
538 725 717 775 prudens,
744 731 822 762 toto
843 736 978 774 genere
1005 726 1250 774 perurbanus.

154 775 270 815 Meus
297 784 423 815 autem
451 778 619 828 aequalis,
641 777 711 815 Cn.
741 776 959 827 Pompeius,
984 778 1040 814 vir
1059 777 1107 814 ad
1125 777 1254 814 omnia

150 842 304 867 summa
328 838 453 877 natus,
480 832 662 880 majorem
691 830 838 868 dicendi
863 830 1022 880 gloriam
1048 830 1252 876 habuisset,

151 882 224 920 nisi
242 896 327 921 eum
348 883 502 933 majoris
519 884 647 934 gloriae
668 883 851 934 cupiditas
877 883 925 920 ad
949 883 1101 921 bellicas
1125 883 1256 921 laudes

148 937 402 975 abstraxisset.
431 937 527 975 Erat
545 937 710 975 oratione
735 936 822 975 satis
849 936 1026 986 amplus:
1056 949 1137 974 rem
1163 950 1254 987 pru-

149 988 282 1027 denter
301 989 474 1028 videbat:
505 990 601 1028 actio
623 1003 710 1028 vero
737 991 818 1038 ejus
845 989 1008 1027 habebat
1035 997 1072 1027 et
1098 990 1138 1027 in
1166 1003 1255 1028 voce

151 1054 337 1093 magnum
345 1043 596 1094 splendorem,
606 1050 643 1081 et
653 1043 692 1080 in
704 1050 811 1081 motu
819 1055 1009 1080 summam
1017 1043 1253 1093 dignitatem.

206 1096 347 1134 Noster
370 1097 463 1135 item
491 1097 662 1148 aequalis,
695 1096 747 1134 D.
774 1096 939 1143 Silanus,
969 1096 1121 1134 vitricus
1151 1104 1252 1143 tuus,

149 1148 265 1186 studii
283 1149 347 1187 ille
365 1150 520 1201 quidem
538 1150 672 1188 habuit
690 1162 766 1187 non
784 1150 967 1196 multum,
988 1149 1052 1187 sed
1070 1150 1255 1187 acuminis

149 1208 189 1239 et
207 1202 384 1241 orationis
403 1204 502 1242 satis.
533 1203 584 1250 Q.
607 1203 826 1254 Pompeius,
846 1203 899 1240 A.
921 1202 968 1250 F,
989 1202 1056 1253 qui
1074 1202 1254 1253 Bithyni-

148 1267 216 1293 cus
245 1255 366 1294 dictus
394 1264 462 1303 est,
490 1256 656 1303 biennio,
686 1269 803 1306 quam
828 1268 910 1302 nos,
936 1255 1090 1293 fortasse
1117 1257 1252 1305 major,

148 1320 300 1346 summo
314 1309 438 1348 studio
449 1309 610 1356 dicendi,
625 1309 824 1359 multaque
842 1308 1025 1355 doctrina,
1045 1308 1254 1347 incredibili

149 1361 277 1399 labore
305 1369 419 1413 atque
454 1362 665 1404 industria:
706 1362 810 1413 quod
841 1362 932 1400 scire
961 1373 1115 1412 possum
1132 1376 1142 1399 ε
1181 1362 1255 1400 fuit

148 1414 252 1452 enim
272 1427 422 1453 mecum
442 1423 478 1453 et
496 1428 583 1454 cum
602 1416 663 1453 Μ.
685 1415 835 1462 Pisone,
862 1427 950 1453 cum
969 1415 1148 1462 amicitia,
1169 1422 1251 1453 tum

147 1467 296 1515 studiis,
316 1469 718 1520 exercitationibusque
737 1469 970 1517 conjunctus.
1007 1468 1138 1517 Hujus
1157 1469 1254 1507 actio

149 1532 225 1558 non
240 1521 327 1559 satis
339 1523 628 1560 commendabat
644 1522 851 1560 orationem
868 1535 879 1566 3
908 1521 949 1558 in
967 1520 1038 1559 hac
1052 1521 1154 1560 enim
1167 1522 1256 1560 satis

146 1582 228 1613 erat
246 1575 375 1625 copiae,
395 1576 435 1613 in
453 1576 522 1613 illa
538 1582 666 1613 autem
683 1575 820 1626 leporis
838 1587 987 1625 parum.

202 1627 300 1666 Erat
326 1629 406 1677 ejus
436 1629 606 1680 aequalis,
636 1628 681 1666 P.
708 1628 936 1675 Autronius,
963 1640 1052 1666 voce
1077 1629 1254 1679 peracuta

144 1687 264 1732 atque
280 1682 435 1732 magna,
458 1695 527 1720 nec
545 1682 621 1720 alia
639 1695 678 1719 re
695 1682 777 1719 ulla
794 1681 1022 1732 probabilis:
1053 1689 1089 1719 et
1108 1682 1155 1719 L.
1177 1681 1254 1720 Oc-

150 1734 273 1771 tavius
292 1735 492 1784 Reatinus,
512 1736 580 1787 qui
598 1747 686 1773 cum
703 1735 845 1772 multas
855 1735 937 1784 jam
953 1747 1082 1772 causas
1101 1735 1252 1781 diceret,

148 1786 362 1826 adolescens
376 1795 432 1827 est
445 1797 629 1827 mortuus.
652 1789 691 1826 Is
705 1795 832 1826 tamen
847 1788 896 1826 ad
909 1787 1112 1826 dicendum
1128 1789 1252 1826 venie-

149 1841 216 1878 bat
236 1841 358 1892 magis
383 1842 572 1889 audacter,
595 1854 712 1893 quam
734 1848 875 1892 parate.
922 1841 976 1878 Et
995 1840 1038 1878 C.
1060 1841 1249 1888 Staienus,

146 1893 218 1944 qui
231 1906 270 1932 se
282 1894 362 1946 ipse
375 1895 629 1946 adoptaverat,
645 1902 682 1933 et
698 1894 746 1932 de
764 1895 917 1933 Staleno
932 1894 1082 1931 AElium
1101 1894 1250 1941 fecerat,

149 1946 291 1986 fervido
309 1949 476 1999 quodam
494 1954 532 1986 et
548 1948 735 1999 petulanti
752 1954 790 1986 et
807 1947 946 1985 furioso
966 1959 1102 1997 genere
1125 1947 1251 1986 dicen-

149 1998 215 2045 di;
257 2000 360 2052 quod
384 2002 476 2054 quia
498 2002 630 2039 multis
655 2007 806 2052 gratum
839 2007 918 2038 erat
943 2007 981 2037 et
1007 2001 1250 2050 probabatur,

149 2052 398 2093 adscendisset
422 2055 470 2092 ad
494 2055 667 2100 honores,
687 2054 773 2100 nisi,
800 2053 840 2091 in
865 2052 1028 2090 facinore
1054 2053 1253 2093 manifesto

146 2104 412 2157 deprehensus,
433 2120 561 2158 poenas
577 2107 724 2158 legibus
743 2114 780 2145 et
794 2106 937 2155 judicio
955 2105 1128 2144 dedisset.
