1429 2344
158 95 237 133 204
292 93 369 132 DE
398 92 693 142 ORATORE,
724 93 822 132 L113.
844 91 901 131 ΙΙ.
932 91 1036 131 CAP.
1060 91 1121 130 13.

157 209 385 253 comparata.
414 201 519 252 Ergo
532 201 637 249 item,
658 201 796 252 inquit,
816 201 896 249 illa,
917 214 1003 253 quae
1017 212 1115 252 saepe
1129 198 1264 237 diserte

159 256 305 306 agenda
331 262 431 301 sunt,
458 265 494 293 et
519 268 605 306 quae
630 268 698 306 ego
720 255 835 306 paulo
854 263 940 293 ante
960 258 1065 298 (cum
1084 254 1263 305 eloquen-

158 310 252 347 tiam
284 309 496 354 laudarem)
530 309 610 346 dixi
646 309 801 347 oratoris
836 322 928 357 esse,
965 321 1088 360 neque
1123 307 1266 345 habent

158 376 273 401 suum
295 364 422 400 locum
444 362 597 400 ullum
588 375 628 399 m
647 362 828 400 divisione
845 363 1026 413 partium,
1047 374 1170 413 neque
1187 374 1265 399 cer-

159 425 242 454 tum
261 425 535 467 praecepto-mm
553 429 697 466 genus3
728 423 764 454 et
783 416 928 466 agenda
945 422 1033 454 sunt
1047 428 1123 454 non
1136 415 1265 453 minus

159 471 308 518 diserte,
338 483 455 521 quam
475 483 560 521 quae
579 470 619 507 in
642 470 709 507 lite
733 469 924 517 dicuntur,
950 469 1177 520 objurgatio,
1203 481 1266 507 co-

159 524 335 571 hortatio,
365 524 591 562 consolatio.
630 536 794 574 quorum
825 523 922 560 nihil
953 530 1021 571 est,
1055 523 1158 574 quod
1189 535 1265 560 non

160 591 312 615 summa
330 577 479 615 dicendi
497 584 718 615 ornamenta
736 576 941 615 desideret:
963 551 1028 614 sed
1045 589 1092 614 ex
1111 576 1267 614 artificio

160 644 217 669 res
243 631 324 669 istae
347 638 533 682 praecepta
557 637 633 668 non
660 637 846 682 quaerunt.
890 631 1024 679 Plane,
1049 629 1175 681 inquit
1194 629 1269 668 Ca-

160 686 278 734 tulus,
299 685 488 723 assentior.

214 739 304 790 Age
335 752 436 786 vero,
470 738 596 790 inquit
627 738 836 786 Antonius,
870 739 993 789 qualis
1023 737 1192 787 oratoris,
1230 745 1268 776 et

162 793 296 844 quanti
308 792 473 830 hominis
487 793 528 830 in
543 792 714 839 dicendo,
730 800 842 844 putas
856 806 947 840 esse,
966 792 1161 830 historiam
1181 792 1270 830 scri-

162 849 280 885 bere?
310 847 364 894 Si,
394 853 437 884 ut
457 846 580 883 Graeci
607 847 847 897 scripserunt,
876 846 1031 893 summi,
1050 845 1176 897 inquit
1195 845 1269 884 ca-

163 901 290 938 tulus:
321 901 365 948 si,
386 908 430 937 ut
448 900 578 947 nostri,
598 900 694 937 nihil
713 913 807 951 opus
826 907 881 938 est
894 906 1061 938 oratore:
1091 900 1180 938 satis
1198 906 1267 948 est,

163 967 239 992 non
259 967 336 992 esse
359 954 593 992 mendacem.
633 954 774 1006 Atqui,
801 967 848 992 ne
872 961 1017 992 nostros
1035 960 1266 1000 contenmas‚

162 1008 288 1059 inquit
313 1008 520 1054 Antonius,
550 1008 672 1045 Graeci
698 1021 849 1059 quoque
875 1009 926 1045 sic
950 1007 1057 1046 initio
1082 1007 1267 1058 scriptita-

164 1070 266 1110 runt,
295 1070 338 1099 ut
357 1069 480 1099 noster
500 1061 608 1109 Cato,
630 1069 673 1098 ut
688 1062 828 1109 Pictor,
849 1068 892 1099 ut
912 1061 1011 1098 Piso.
1051 1061 1147 1098 Erat
1166 1061 1266 1098 enim

162 1116 317 1153 historia
341 1115 438 1152 nihil
462 1115 579 1159 aliud,
607 1115 678 1152 nisi
703 1116 899 1153 annalium
926 1114 1129 1153 confectio:
1161 1115 1269 1163 cujus

162 1169 230 1217 rei,
259 1169 528 1220 memoriaeque
546 1169 708 1219 publicae
725 1169 929 1207 retinendae
948 1169 1075 1216 causa,
1094 1170 1142 1206 ab
1160 1168 1269 1206 initio

162 1236 290 1261 rerum
306 1224 569 1260 Romanarum
584 1236 704 1273 usque
718 1223 767 1260 ad
782 1223 827 1260 P.
844 1222 1038 1270 Mucium,
1053 1221 1269 1274 pontificem

164 1277 393 1324 maximum,
423 1290 480 1314 res
503 1289 633 1315 onmes
652 1277 888 1327 singulorum
907 1289 1093 1314 annorum
1111 1276 1269 1314 manda-

164 1333 229 1368 bat
242 1331 358 1368 literis
377 1330 546 1381 pontifex
559 1331 768 1378 maximus,
784 1329 1061 1381 efferebatque
1051 1342 1091 1367 111
1110 1330 1268 1367 album·
1256 1359 1268 1374 ,

163 1394 199 1422 et
213 1385 446 1435 proponebat
464 1384 635 1421 tabulam
653 1384 771 1445 domi,
790 1391 952 1435 potestas
965 1390 1009 1421 ut
1023 1390 1118 1422 esset
1129 1384 1271 1435 populo

163 1451 368 1489 cognosce?¹
371 1438 434 1483 di3
472 1437 554 1488 [iiq
550 1439 613 1489 le]
649 1438 763 1476 etiam
793 1451 895 1476 nunc
927 1437 1080 1475 annales
1110 1437 1271 1475 maximi

163 1493 329 1529 nomina
324 1500 387 1529 itu
391 1506 419 1529 r.
469 1492 580 1529 Hanc
617 1491 904 1530 similitudinem
941 1491 1126 1530 scribendi
1157 1491 1271 1528 multi

163 1545 281 1584 secuti
310 1554 412 1593 sunt,
444 1546 524 1596 qui,
553 1546 632 1583 sine
656 1546 743 1584 ullis
768 1545 1012 1593 ornamentis,
1037 1544 1272 1583 monimenta

166 1600 290 1637 solum
309 1607 538 1650 temporum,
559 1599 774 1647 hominum,
794 1600 978 1647 locorum,
1004 1608 1272 1649 gestarumque

166 1666 293 1691 rerum
312 1653 555 1704 reliquerunt.
588 1653 723 1703 Itaque
737 1653 860 1705 qualis
878 1653 980 1703 apud
1000 1653 1151 1691 Graecos
1171 1652 1271 1689 Phe.»

166 1707 332 1757 recydes,
350 1706 586 1754 Hellanicus,
607 1707 785 1746 Acusilas
802 1706 890 1753 fuit,
909 1706 1049 1756 aliique
1063 1706 1269 1757 permulti3

167 1761 252 1798 talis
277 1767 401 1797 noster
429 1760 538 1807 Cato,
565 1767 602 1797 et
622 1760 762 1808 Pictor,
790 1767 827 1798 et
845 1760 948 1807 Piso,
975 1759 1042 1810 qui
1068 1771 1192 1810 neque
1217 1766 1272 1797 te-

168 1821 273 1860 nent,
304 1814 442 1864 quibus
462 1815 573 1851 rebus
597 1820 750 1851 ornetur
773 1813 905 1861 oratio,
926 1812 1057 1856 (modo
1074 1813 1178 1851 enirn
1195 1812 1271 1850 huc

168 1868 240 1905 ista
264 1875 354 1904 sunt
377 1867 595 1918 importata)
623 1874 673 1914 et,
704 1867 798 1904 dum
823 1866 1070 1917 intelligatur,
1096 1866 1190 1918 quid
1214 1866 1272 1904 di-

169 1928 269 1969 cant,
298 1933 416 1958 unam
441 1920 589 1958 dicendi
610 1920 763 1958 laudem
782 1927 919 1971 putant
942 1933 1020 1960 esse
1037 1920 1272 1958 brevitatem.

171 1975 383 2012 Paululum
402 1987 440 2012 se
459 1974 589 2022 erexit,
611 1982 647 2012 et
665 1973 809 2011 addidit
827 1974 991 2012 historiae
1008 1974 1192 2022 majorem
1216 1987 1275 2012 so-

168 2041 264 2065 num
284 2028 396 2073 vocis,
417 2028 473 2066 vir
486 2027 665 2079 optimus,
682 2027 807 2065 Crassi
820 2027 1030 2075 familiaris,
1045 2026 1274 2078 Antipater:

169 2082 293 2119 caeteri
315 2094 391 2120 non
411 2088 647 2119 exornatores
665 2094 805 2127 rerum,
827 2081 891 2119 sed
909 2081 1174 2120 tantummodo
1191 2093 1277 2121 nar-

169 2143 310 2173 ratores
328 2136 493 2173 fuerunt.

231 2189 355 2228 XIII.
386 2189 469 2236 Est,
490 2189 615 2240 inquit
634 2189 806 2235 Catulus,
828 2195 870 2226 ut
887 2188 1002 2227 dicis:
1033 2188 1096 2226 sed
1114 2187 1182 2226 iste
1199 2187 1278 2240 ipse

175 2243 315 2281 Coelius
340 2256 462 2295 neque
481 2243 652 2281 distinxit
670 2242 864 2281 historiam
885 2242 1060 2281 varietate
1084 2242 1278 2286 locoruxm
