1429 2344
198 41 278 86 370
315 41 394 82 DE
414 43 620 85 CLARIS
639 44 1028 100 ORATORIBUS‚
1045 49 1150 90 CAP.
1170 51 1231 96 17.

199 149 267 200 qui
285 150 393 188 annis
408 151 484 189 IX.
499 159 584 202 post
598 165 686 191 eum
699 154 774 192 fuit
792 157 934 195 consul.
963 156 1070 195 Eum
1083 170 1152 196 nos
1164 165 1208 196 ut
1218 171 1303 209 per-

200 211 363 241 veterem
381 204 580 254 habemus,
601 207 682 257 qui,
703 207 750 244 L.
768 207 917 247 Marcio
932 210 979 248 M
994 211 1005 228 ’
1026 211 1190 250 Manilio
1215 224 1304 249 con-

197 256 357 304 sulibus,
388 265 560 297 mortuus
589 267 657 309 est,
687 261 796 299 annis
825 262 1071 302 LXXXIII.
1097 265 1189 316 ipsis
1217 272 1304 304 ante

202 321 266 346 me
285 311 489 348 consulem.

251 362 369 401 XVI.
400 364 483 403 Nec
512 379 598 404 vero
625 366 746 406 habeo
771 381 1005 421 quemquam
1033 371 1301 422 antiquiorem,

198 416 306 464 cujus
325 417 481 467 quidem
508 419 645 470 scripta
669 421 891 471 proferenda
916 431 1062 474 putem,
1087 425 1159 462 nisi
1188 438 1303 476 quem

199 469 322 520 Appii
341 470 440 508 Caeci
465 472 582 510 oratio
607 473 687 512 haec
705 475 788 525 ipsa
805 476 852 513 de
871 476 1034 528 Pyrrho,
1055 484 1091 515 et
1109 479 1304 516 nonnullae

199 530 436 561 mortuorum
446 525 694 574 laudationes,
708 528 803 566 forte
817 529 1013 567 delectant.
1042 530 1109 579 Et,
1119 531 1303 578 hercules,

199 575 260 613 hae
290 577 444 627 quidem
473 587 643 617 exstant:
673 581 765 631 ipsae
792 583 895 620 enim
921 583 1077 621 familiae
1100 598 1169 622 sua
1196 585 1305 636 quasi

199 638 421 668 ornamenta
439 644 482 669 ac
498 633 733 672 monimenta
758 638 969 684 servabant,
991 644 1027 675 et
1052 637 1101 674 ad
1122 650 1250 684 usum,
1272 638 1305 676 si

199 682 285 732 quis
317 684 486 732 ejusdem
518 687 663 736 generis
691 689 896 736 occidisset,
931 698 967 727 et
1000 690 1048 727 ad
1079 691 1304 730 memoriam

198 735 359 774 laudum
371 737 674 787 domesticarum,
688 749 725 779 et
735 742 783 779 ad
795 743 1058 781 illustrandam
1070 745 1306 782 nobffitatem

200 801 332 827 suam:
363 804 599 843 quamquam
620 794 679 832 his
704 795 984 834 laudationibus
1003 797 1159 835 historia
1175 811 1303 835 rerum

201 850 415 881 nostrarum
441 853 496 883 est
513 846 612 884 facta
635 849 870 887 mendosior:
899 850 1023 888 multa
1047 851 1150 888 enim
1171 851 1308 902 sc1ipta

201 902 290 932 sunt
308 897 348 933 in
369 898 434 945 eis,
455 913 540 950 quae
552 899 650 938 facta
663 914 739 939 non
752 910 853 950 sunt,
870 903 955 940 falsi
967 903 1165 954 triumphi,
1179 905 1306 955 plures

198 949 428 997 consulatus,
444 965 582 1002 genera
600 954 713 992 etiam
729 955 836 1004 falsa,
851 963 887 993 et
901 969 923 994 a
933 957 1043 1008 plebe
1055 958 1305 1006 transitiones,

197 1013 287 1039 curn
300 1003 472 1042 homines
485 1006 705 1046 humiliores
718 1009 758 1046 in
773 1010 941 1047 alienum
956 1010 1125 1058 ejusdem
1141 1011 1306 1050 nominis

198 1054 488 1095 infunderentur
519 1072 664 1109 genus3
702 1069 760 1109 ut,
789 1062 820 1099 si
847 1076 916 1113 ego
941 1076 1004 1100 me
1033 1077 1056 1101 a
1082 1064 1144 1101 Μ’
1174 1065 1307 1102 Tullio

197 1121 276 1146 esse
294 1110 469 1158 dicerem,
491 1113 557 1162 qui
575 1114 753 1163 patricius
772 1128 859 1152 cum
879 1117 1009 1154 Servio
1028 1117 1197 1168 Sulpicio
1217 1130 1305 1157 con-

198 1162 272 1204 sul,
294 1176 393 1201 anno
412 1165 464 1202 X.
485 1173 570 1215 post
588 1175 737 1205 exactos
755 1181 873 1218 reges,
893 1169 979 1207 fuit.

251 1216 406 1254 Catonis
431 1226 558 1256 autem
584 1221 768 1259 orationes
795 1234 872 1259 non
898 1223 1025 1260 minus
1049 1224 1182 1262 multae
1209 1238 1306 1263 verae

199 1276 302 1318 sunt,
329 1283 447 1321 quam
469 1271 593 1309 Attici
619 1273 773 1324 Lysiae3
804 1277 913 1324 cujus
939 1276 1098 1314 arbitror
1122 1277 1307 1328 plurimas

199 1335 289 1360 esse.
328 1323 400 1361 Est
427 1325 528 1362 enim
547 1325 715 1373 Atticus,
736 1329 917 1378 quoniam
940 1336 1037 1367 certe
1061 1330 1227 1369 Athenis
1252 1340 1307 1370 est

198 1382 236 1413 et
263 1383 374 1414 natus
402 1384 439 1415 et
464 1386 650 1426 mortuus,
680 1388 716 1418 et
743 1381 896 1419 functus
923 1383 1029 1420 omni
1051 1384 1191 1421 civium
1219 1398 1306 1422 mu-

198 1440 313 1475 nere3
354 1444 589 1482 quamquam
618 1433 789 1472 Timaeus
815 1447 918 1482 eum,
950 1436 1059 1486 quasi
1087 1437 1238 1475 Licinia
1270 1446 1307 1476 et

199 1482 336 1520 Mucia
353 1484 450 1534 lege,
470 1485 605 1535 repetit
619 1487 832 1537 Syracusas.
862 1488 917 1526 Et
936 1489 1102 1540 quodam
1120 1491 1233 1529 modo
1253 1498 1307 1529 est

199 1537 385 1574 nonnulla
412 1538 452 1574 in
478 1538 523 1575 iis
549 1540 663 1577 etiam
692 1541 789 1578 inter
816 1542 917 1592 ipsos
941 1543 1175 1582 similitudo:
1206 1544 1307 1583 acuti

198 1596 302 1635 sunt,
330 1590 530 1640 elegantes,
563 1593 686 1639 faceti,
714 1595 872 1641 breves3
903 1595 968 1633 sed
992 1596 1056 1634 ille
1076 1597 1232 1636 Graecus
1258 1600 1306 1636 ab

197 1642 304 1679 omni
321 1643 433 1681 laude
451 1644 605 1683 felicior.
636 1647 765 1685 Habet
784 1648 885 1686 enim
904 1657 1022 1687 certos
1036 1651 1094 1687 sui
1106 1651 1303 1698 studiosos,

200 1695 269 1746 qui
287 1707 363 1733 non
382 1704 461 1733 tam
480 1697 632 1738 habitus
657 1701 820 1751 corporis
838 1701 997 1752 opimos,
1024 1716 1140 1753 quam
1158 1705 1307 1754 gracili-

199 1755 308 1794 tateS,
337 1757 619 1797 consectentur;
650 1766 758 1803 quos,
785 1755 960 1793 valetudo
984 1756 1097 1794 modo
1121 1758 1221 1795 bona
1246 1758 1306 1805 sit,

199 1801 361 1840 tenuitas
374 1802 456 1852 ipsa
466 1803 646 1843 delectet:
675 1819 910 1858 quamquam
922 1808 961 1845 in
977 1808 1095 1859 Lysia
1106 1823 1203 1860 saepe
1217 1818 1306 1849 sunt

197 1855 313 1892 etiam
330 1856 472 1903 lacerti,
489 1857 539 1895 sic
558 1866 601 1896 ut
615 1858 694 1896 fieri
706 1860 802 1897 nihil
813 1861 929 1911 possit
941 1862 1150 1900 valentius:
1172 1876 1304 1902 verum

197 1916 254 1945 est
268 1916 366 1947 certe
383 1922 518 1959 genere
532 1918 610 1948 toto
629 1912 818 1962 strigosior
832 1927 843 1958 ;
874 1914 939 1951 sed
949 1915 1063 1953 habet
1076 1924 1204 1954 tamen
1218 1930 1304 1956 suos

197 1961 423 2012 laudatores,
451 1963 518 2015 qui
542 1964 614 2003 hac
637 1965 720 2017 ipsa
744 1967 826 2016 ejus
842 1968 1061 2007 subtilitate
1089 1969 1299 2009 admodum

197 2015 403 2064 gaudeant.

250 2068 393 2107 XVII.
423 2069 608 2109 Catonem
633 2084 720 2110 vero
744 2074 829 2124 quis
854 2081 1068 2114 nostrorum
1095 2084 1318 2139 oratorum„

195 2121 264 2172 qui
282 2122 436 2173 quidem
456 2136 558 2164 nunc
574 2133 678 2174 sunt,
703 2126 798 2178 legit
811 2130 829 2166 ?
858 2135 926 2167 aut
945 2129 1031 2180 quis
1055 2130 1162 2169 novit
1180 2143 1304 2170 omm-
