1429 2344
167 89 245 128 396
265 88 341 126 DE
362 87 566 126 CLARIS
586 85 972 135 ORATORIBUS,
988 86 1091 124 CAP.
1109 86 1173 123 44.

167 209 246 234 rem
265 196 456 234 neminem
472 210 481 232 ε
513 201 678 232 versatus
697 201 751 232 est
768 194 808 231 in
826 194 931 232 omni
942 193 1019 231 fere
1033 205 1166 243 genere
1177 204 1266 229 cau-

166 263 293 287 sarum
310 263 320 286 :
350 256 498 286 mature
516 248 555 284 in
573 248 700 285 locum
715 247 924 298 principem
942 254 1134 284 oratorum
1152 244 1267 282 venit.

165 302 369 340 Accusavit
384 302 427 340 C.
450 302 676 348 Carbonem,
693 300 1042 351 eloquentissimum
1056 299 1265 344 hominem,

162 356 369 393 admodum
389 355 599 392 adolescens
616 368 625 390 z
657 366 847 390 summam
862 353 1003 403 ingenii
1020 365 1095 389 non
1113 351 1266 389 laudem

162 409 288 455 modo,
310 408 374 445 sed
393 408 505 445 etiam
525 406 826 453 admirationem,
847 414 901 443 est
920 414 1150 443 consecutus.
1186 404 1267 441 De-

161 461 281 499 fendit
293 469 421 512 postea
434 461 622 498 Liciniam
637 459 834 509 virginem,
851 472 939 497 cum
951 471 1068 496 annos
1080 458 1265 496 XXVII.

161 523 271 552 natus
291 523 409 552 esset:
440 514 479 551 in
501 514 545 551 ea
571 513 653 564 ipsa
680 513 792 550 causa
818 513 892 550 fuit
910 512 1264 563 eloquentissimum

161 568 413 618 orationisque
440 568 520 616 ejus
548 567 701 617 scriptas
730 566 913 616 quasdam
945 574 1068 617 partes
1099 566 1263 617 reliquit.

164 621 313 667 Voluit,
334 621 559 665 adolescens,
575 620 615 657 in
635 620 781 657 colonia
801 620 1040 658 Narbonensi
1059 632 1180 656 causae
1197 632 1267 670 po-

160 675 302 726 pularis
321 674 465 725 aliquid
483 674 678 723 attingere,
700 686 859 724 eamque
877 673 1061 711 coloniam
1082 676 1142 715 (ut
1159 672 1264 719 fecit)

159 729 239 779 ipse
267 728 458 765 deducere.
494 727 633 764 Exstat
659 727 698 763 in
727 739 811 763 eam
836 727 959 776 legem
988 726 1122 773 senior,
1142 734 1186 764 ut
1212 726 1267 763 ita

159 782 297 829 dicam,
319 794 435 832 quam
453 781 520 818 illa
538 788 625 818 aetas
643 780 798 825 ferebat,
814 780 943 817 oratio.
973 780 1113 817 Muleae
1131 779 1267 817 deinde

161 848 306 880 causae3
337 835 401 872 sed
419 835 472 871 ita
489 834 623 871 tacitus
642 833 869 879 tribunatus,
896 840 952 880 ut,
973 833 1046 870 nisi
1064 833 1103 870 in
1122 846 1165 871 eo
1183 845 1266 870 ma-

160 889 318 939 gistratu
337 887 551 926 coenavisset
570 887 672 937 apud
690 899 899 937 praeconem
926 887 1130 934 Granium,
1149 887 1266 938 idque

158 942 266 980 nobis
294 942 516 980 narravisset
543 940 728 988 Lucilius,
766 940 963 978 tribunum
990 940 1110 992 plebis
1145 940 1265 978 nesci-

157 1007 285 1033 remus
298 995 423 1033 fuisse.

213 1049 276 1086 Ita
302 1062 466 1099 prorsus,
497 1048 622 1098 inquit
649 1048 817 1085 Brutus:
849 1047 913 1085 sed
940 1061 987 1086 ne
1013 1048 1060 1085 de
1087 1047 1264 1087 Scaevolae

158 1102 313 1154 quidem
325 1102 519 1139 tribunatu
532 1101 741 1152 quidquam
753 1101 938 1139 audivisse
950 1101 1077 1139 videor
1090 1116 1101 1146 ;
1123 1109 1160 1139 et
1173 1114 1262 1139 eum

159 1157 342 1206 collegam
362 1155 487 1193 Crassi
506 1154 614 1192 credo
633 1154 757 1191 fuisse.
789 1154 981 1192 Omnibus
994 1155 1148 1205 quidem
1163 1155 1260 1201 aliis,

157 1210 330 1260 inquam,
360 1208 399 1245 in
426 1208 721 1257 magistratibus,
752 1208 816 1245 sed
849 1208 1021 1245 tribunus
1051 1221 1149 1246 anno
1178 1216 1264 1259 post

156 1262 254 1307 fuit3
286 1275 404 1312 eoque
429 1261 469 1298 in
495 1261 642 1298 Rostris
668 1261 831 1307 sedente,
859 1262 974 1298 suasit
993 1262 1189 1300 Serviliam
1207 1262 1260 1300 le-

155 1329 243 1365 gem
271 1315 438 1353 Crassus.
483 1315 587 1351 Nam
615 1323 810 1351 censuram·
838 1315 917 1352 sine
945 1315 1111 1353 Scaevola
1135 1316 1261 1366 gessit.

155 1369 262 1406 Eum
281 1368 382 1406 enim
400 1367 664 1418 magistratum
684 1380 796 1405 nemo
814 1380 986 1419 unquam
1009 1369 1261 1407 Scaevolarum

155 1422 298 1473 petivit.
328 1421 403 1460 Sed
420 1422 500 1458 haec
521 1420 644 1458 Crassi
665 1433 752 1458 cum
776 1421 876 1459 edita
903 1421 1021 1459 oratio
1048 1430 1116 1469 est,
1144 1436 1261 1474 quam

155 1484 192 1514 te
211 1482 308 1526 saepe
326 1475 458 1525 legisse
477 1482 576 1512 certo
595 1475 683 1520 scio,
704 1481 867 1525 quatuor
881 1482 917 1512 et
931 1475 1084 1525 triginta
1097 1483 1180 1513 tum
1193 1474 1261 1514 ha-

154 1530 267 1567 bebat
291 1541 422 1574 annos,
457 1527 689 1578 totidemque
716 1528 825 1565 annis
853 1528 949 1565 mihi
975 1536 1083 1566 aetate
1107 1536 1262 1580 praesta-

156 1584 232 1620 bat.
277 1582 352 1619 His
373 1581 473 1618 enim
493 1581 709 1618 consulibus
728 1594 811 1618 eam
829 1581 953 1631 legem
971 1582 1100 1627 suasit,
1121 1582 1261 1633 quibus

155 1635 234 1672 nati
250 1647 394 1681 sumus,
409 1634 589 1684 cumipse
604 1641 697 1672 esset
709 1634 758 1681 Q.
777 1634 954 1685 Caepione
968 1637 1120 1673 consule
1133 1644 1259 1684 natus,

155 1696 192 1726 et
211 1688 254 1725 C.
276 1688 410 1734 Laelio,
437 1687 598 1724 triennio
624 1688 705 1738 ipso
729 1688 867 1733 minor,
897 1701 1012 1739 quam
1040 1689 1258 1727 Antonius:

153 1741 256 1792 quod
274 1740 411 1778 idcirco
429 1741 550 1790 posui,
571 1747 627 1785 ut,
649 1741 797 1778 dicendi
823 1742 960 1779 Latine
986 1742 1110 1792 prima
1133 1751 1259 1781 matu-

152 1795 242 1832 ritas
256 1794 296 1831 in
316 1794 393 1854 qua
413 1800 520 1831 aetate
539 1794 752 1842 exstitisset,
776 1802 899 1845 posset
917 1795 1064 1840 notari,
1053 1808 1063 1818 ·
1094 1803 1131 1833 et
1148 1796 1259 1834 intel-

152 1847 358 1898 ligeretur
345 1859 426 1894 Jam
447 1846 495 1884 ad
514 1859 710 1884 summum
737 1860 845 1898 paene
864 1861 941 1885 esse
959 1849 1207 1910 perductam,
1215 1857 1260 1887 ut

151 1914 195 1939 eo
219 1900 316 1938 nihil
342 1900 460 1937 ferme
485 1900 688 1950 quisquam
715 1901 850 1938 addere
876 1908 1013 1951 posset,
1043 1902 1117 1939 nisi
1143 1902 1210 1953 qui
1235 1916 1259 1941 a

150 1952 403 2005 philosophia,
417 1966 439 1990 a
453 1954 539 2002 jure
559 1953 672 2001 civili,
694 1956 742 1991 ab
756 1954 926 2002 historia,
947 1954 1078 1992 fuisset
1095 1955 1256 1993 instruc-

150 2008 232 2044 tior.

201 2059 357 2097 XLIV.
386 2059 486 2107 Erit,
510 2060 635 2110 inquit
658 2060 718 2097 M.
735 2061 894 2109 Brutus,
915 2068 982 2099 aut
996 2063 1077 2110 jam
1098 2070 1152 2100 est
1168 2062 1252 2110 iste,

148 2125 263 2164 quem
289 2122 472 2164 expectas.
515 2113 697 2160 Nescio,
687 2127 858 2164 mquam.
902 2115 978 2153 Sed
997 2123 1051 2153 est
1069 2115 1182 2153 etiam
1202 2116 1251 2154 L.

145 2167 270 2205 Crassi
306 2166 345 2204 in
379 2167 590 2213 consulatu,
625 2180 694 2218 pro
728 2167 779 2214 Q.
815 2168 1005 2219 Caepione,
1037 2168 1254 2208 defensione
