1407 2324
212 85 290 126 DE
309 85 513 126 CLARIS
532 85 920 137 ORATORIBUS,
935 86 1039 126 CAP.
1056 85 1119 124 66.
1161 85 1238 128 417

139 192 186 231 (18
210 205 272 232 1118
289 193 354 232 3111
377 193 514 241 dicent,
535 194 566 232 si
591 194 658 245 qui
684 194 820 232 volent.
861 193 1027 232 Minime
1052 205 1153 241 vero,
1179 193 1238 229 in-

139 246 248 296 quit:
278 259 368 284 nam
389 248 458 285 etsi
470 260 532 285 me
549 247 658 285 facile
675 248 780 285 omni
798 256 864 285 tuo
882 259 1051 285 sermone
1068 245 1238 291 tenuisti,

141 306 267 337 tamen
292 300 324 338 is
341 300 437 337 mihi
461 301 608 351 longior
626 300 786 348 videtur,
806 300 908 351 quod
932 312 1091 351 propero
1110 298 1240 336 audire

136 351 186 390 de
203 359 252 390 te.
281 353 322 390 N
324 365 365 390 88
383 366 468 391 vero
487 361 565 391 tam
584 353 631 391 de
649 354 851 391 virtutibus
869 353 1016 391 dicendi
1029 353 1119 400 tuis,
1135 365 1235 402 quae,

139 417 227 442 cum
245 406 435 454 omnibus,
451 414 534 444 tum
548 415 645 444 certe
662 407 772 454 mihi,
785 407 988 444 notissimae
1003 414 1103 453 sunt,
1120 417 1238 456 quam

141 456 283 510 [quod]
304 459 442 509 gradus
460 467 557 507 tuos,
578 467 615 497 et
639 461 748 511 quasi
768 472 959 510 processus
985 458 1133 496 dicendi
1157 465 1238 495 stu-

139 510 209 548 deo
223 524 455 573 cognoscere.
484 513 682 559 Geretur‚
672 525 844 564 mquam,
855 513 923 550 tibi
934 525 1036 550 11103·
1059 510 1239 562 quoniam

138 575 201 601 me
227 577 303 602 non
330 565 472 615 ingemi
498 566 778 617 praedicatorem
807 579 884 604 esse
911 566 979 612 vis,
1010 565 1074 603 sed
1100 564 1239 602 laboris

138 616 225 654 mei.
254 617 401 655 Verum
426 619 677 670 interponam,
698 626 742 656 ut
765 619 901 670 placet,
928 619 1046 663 alios;
1076 625 1113 655 et
1131 631 1154 655 a
1173 617 1235 654 M.

137 668 285 717 Crasso,
306 671 372 721 qui
390 671 464 709 fuit
482 672 636 723 aequalis
656 672 863 720 Hortensii,
885 671 1066 709 exordiar.

190 723 344 761 LXVI.
375 724 414 762 Is
433 724 561 775 igitur,
589 725 823 762 mediocriter
849 738 872 762 a
890 724 1058 762 doctrina
1076 724 1238 762 instruc-

134 783 210 823 tus,
230 777 426 826 angustius
445 778 557 815 etiam
577 790 600 814 a
618 778 766 824 natura,
787 779 914 816 labore
934 785 969 815 et
986 777 1184 823 industria,
1201 784 1240 814 et

133 829 237 878 quod
255 830 470 877 adhibebat,
491 831 540 868 ad
563 830 783 868 obtinendas
807 843 950 879 causas,
971 843 1100 868 curam
1120 830 1235 867 etiam

134 889 171 918 et
189 883 363 932 gratiam,
383 883 423 920 in
442 884 674 934 principibus
685 885 851 935 patronis
863 884 1007 935 aliquot
1018 896 1135 920 annos
1147 883 1234 919 fuit.

133 934 184 971 In
203 935 318 984 hujus
336 937 501 974 oratione
519 949 640 974 sermo
655 937 817 975 Latinus
836 944 927 982 erat,
948 938 1061 974 verba
1074 948 1150 974 non
1169 937 1236 973 ab-

129 987 242 1036 Jecta,
269 1001 327 1027 res
351 990 565 1040 compositae
591 990 815 1050 diligentem
845 990 975 1027 nullus
1000 989 1068 1027 flos
1093 998 1236 1036 tamen,

131 1052 256 1101 neque
273 1041 403 1080 lumen
418 1043 573 1088 ullum,
562 1056 572 1066 ·
603 1043 721 1080 animi
734 1055 888 1093 magna,
905 1043 1004 1081 vocis
1018 1055 1134 1093 parva
1148 1054 1237 1080 con-

132 1094 272 1139 tentio;
302 1096 430 1133 onmia
453 1095 531 1133 fere
549 1103 593 1134 ut
611 1096 781 1134 similiter
805 1103 919 1156 atque
937 1108 1015 1133 uno
1038 1096 1153 1133 modo
1181 1095 1239 1132 (11-

132 1155 314 1185 cerentur.
353 1149 459 1186 Nam
477 1149 592 1197 hujus
618 1149 773 1200 aequalis
792 1157 828 1187 et
852 1149 1042 1209 inimicus,
1064 1148 1108 1186 C.
1129 1148 1238 1186 Fun-

132 1199 228 1247 bria,
241 1212 318 1238 non
332 1201 385 1239 ita
395 1202 461 1239 diu
477 1203 618 1250 jactare
629 1215 667 1240 se
681 1202 829 1252 potuit;
860 1202 940 1252 qui,
954 1202 1083 1239 omnia
1093 1201 1236 1251 magna

132 1265 222 1290 voce
240 1253 378 1301 dicens,
399 1256 598 1292 verborum
624 1267 712 1292 sane
731 1256 918 1292 bonorum
938 1267 1049 1292 cursu
1068 1254 1235 1305 quodam

132 1305 299 1354 incitato,
318 1307 371 1344 ita
393 1307 543 1345 furebat
561 1315 702 1355 tamen,
721 1315 765 1344 ut
778 1308 955 1345 mirarere
974 1315 1053 1344 tam
1072 1307 1164 1344 alias
1178 1319 1236 1345 res

133 1371 242 1409 agere
259 1360 460 1410 populum,
480 1368 524 1398 ut
542 1370 636 1398 esset
655 1361 787 1398 insano
805 1361 902 1398 inter
920 1359 1074 1397 disertos
1092 1360 1209 1398 locus.

189 1411 260 1449 Cn.
289 1420 417 1450 autem
443 1413 631 1451 Lentulus
659 1413 780 1450 multo
807 1415 990 1462 majorem
1017 1413 1233 1463 opinionem

134 1464 282 1502 dicendi
301 1466 444 1503 actione
462 1465 634 1514 faciebat,
655 1479 771 1517 quam
790 1474 932 1517 quanta
955 1466 995 1503 in
1015 1479 1058 1503 80
1077 1465 1236 1504 facultas

135 1525 236 1555 erat:
268 1518 336 1568 qui
363 1531 451 1556 cum
479 1527 572 1556 esset
598 1531 666 1556 nec
693 1527 892 1569 peracutus
920 1522 1171 1569 (quamquam
1200 1527 1238 1557 et

137 1584 184 1608 ex
203 1570 296 1609 facie
322 1578 359 1608 et
377 1584 424 1609 ex
442 1572 551 1609 vultu
570 1572 782 1618 videbatur)
802 1585 869 1610 nec
893 1572 1089 1609 abundans
1114 1572 1235 1610 verbis

137 1624 224 1666 (etsi
242 1624 396 1662 fallebat
413 1625 453 1661 in
467 1637 510 1662 eo
528 1625 626 1675 ipso)
644 1639 655 1670 ς
686 1625 737 1663 318
755 1625 972 1672 intervallis,
994 1625 1235 1663 exclamatio-

136 1677 261 1724 nibus,
281 1690 370 1715 voce
389 1678 494 1715 suavi
512 1686 548 1715 et
566 1678 701 1715 canora
718 1677 958 1726 [admirando
972 1678 1163 1724 irridebat,
1176 1691 1237 1715 ca-

135 1731 254 1781 lebat]
275 1730 315 1767 in
335 1730 492 1780 agendo,
514 1739 558 1768 ut
576 1744 632 1777 ea,
660 1744 745 1781 quae
770 1731 935 1778 deerant,
956 1743 1032 1768 non
1051 1731 1237 1768 desidera-

134 1790 273 1820 rentur.
295 1783 369 1828 Ita,
379 1791 574 1834 tamquam
583 1783 698 1821 Curio
710 1784 816 1834 copia
827 1784 1011 1821 nonnulla
1021 1785 1236 1829 verborum,

136 1836 242 1873 nullo
259 1835 332 1873 alio
351 1838 463 1883 bono,
480 1837 600 1874 tenuit
611 1844 801 1874 oratorum
812 1837 964 1880 locum,
986 1837 1036 1874 sic
1049 1837 1120 1874 Cn.
1134 1836 1237 1874 Len-

136 1889 239 1926 tulus
257 1897 475 1926 caeterarum
495 1890 678 1927 virtutum
697 1890 844 1927 dicendi
861 1889 1155 1927 mediocritatem
1175 1901 1235 1926 ac-

137 1941 238 1978 tione
255 1941 467 1988 occultavit,
487 1942 527 1979 in
547 1943 624 1993 qua
643 1943 825 1980 excellens
844 1943 928 1979 fuit.
959 1943 1097 1992 Neque
1115 1942 1238 1979 multo

137 2006 241 2032 secus
261 1994 306 2032 P.
327 1994 528 2042 Lentulus,
548 1997 654 2044 cujus
681 2003 717 2033 et
740 1995 974 2045 excogitandi
1000 2003 1036 2032 et
1060 1994 1239 2045 loquendi

138 2047 351 2085 tarditatem
377 2049 526 2098 tegebat
554 2048 686 2086 formae
715 2048 891 2098 dignitas,
920 2048 1082 2098 corporis
1107 2054 1234 2085 motus

136 2099 272 2150 plenus
301 2107 338 2139 et
369 2100 459 2140 artis
490 2110 528 2140 et
559 2101 777 2150 venustatis,
815 2101 913 2140 vocis
943 2107 980 2139 et
1008 2100 1172 2141 suavitas
1202 2106 1242 2138 et
