1407 2324
126 51 202 90 DE
223 47 426 98 CLARIS
445 44 831 92 ORA'fflRIBUS,
852 43 955 81 CAP-
975 41 1035 78 15.
1077 38 1156 75 369

60 158 173 196 causa
197 171 274 196 esse
297 155 511 194 mentitum.
551 153 623 195 Est
646 153 762 203 igitur
786 149 838 188 sic
862 146 964 199 apud
988 145 1099 184 illum
1120 142 1160 180 in

61 223 161 249 nono
180 214 241 255 (ut
257 210 404 261 opinor)
424 207 575 247 annali:

116 299 144 320 ‘⁴
159 296 330 335 Additur
347 302 470 334 orator
488 292 680 332 Corneliu'
699 287 973 340 suaviloquenti

114 350 194 389 Ore
212 350 402 399 Cethegus
421 347 587 395 Marcu',
608 345 801 382 Tuditano
820 343 976 392 collega,

114 403 240 441 Marci
258 402 386 441 filius'’
391 429 488 440 ......

62 504 99 533 et
129 503 314 546 oratorem
346 495 524 546 appellat,
559 500 595 531 et
631 488 967 541 suaviloquentiam
1000 484 1130 523 tribuit
1146 497 1158 528 ς

62 562 148 599 quae
166 561 267 586 nunc
286 549 441 600 quidem
459 560 534 585 non
554 554 632 584 tam
652 552 705 583 est
723 545 762 581 in
785 542 996 594 plerisque:
1025 539 1164 575 latrant

63 601 164 638 enim
180 603 261 650 jam
280 601 436 652 quidam
455 608 629 645 oratores,
650 610 726 635 non
751 597 970 646 loquuntur.
1010 591 1084 629 Sed
1109 595 1164 627 est

64 667 107 691 ea
124 655 206 694 laus
226 655 448 706 eloquentiae
467 661 563 691 certe
581 651 760 689 maxima.

223 743 251 763 ‘⁶
273 742 312 779 Is
327 741 447 778 dictu'
466 739 550 777 ollis
568 735 812 788 popularibus
830 733 936 779 olim,

116 794 197 841 Qui
209 802 292 831 tum
307 794 483 831 vivebant
496 791 680 837 homines,
696 797 808 838 atque
820 798 943 824 aevum
955 783 1162 833 agitabant,

112 848 201 885 Flos
220 847 405 885 delibatus
423 845 596 896 populi.''

63 951 187 988 Probe
205 962 302 987 vero.
355 948 412 986 Ut
430 947 531 985 enim
550 944 713 983 hominis
739 943 850 980 decus
874 939 1084 990 ingenium,
1111 936 1164 974 sic

59 1003 201 1053 ingenii
225 1002 342 1053 ipsius
366 1002 497 1038 lumen
523 1007 578 1037 est
602 996 828 1047 eloquentia,
849 994 925 1044 qua
950 992 1073 1029 virum
1097 1002 1163 1026 ex-

60 1057 256 1094 cellentem
282 1055 457 1105 praeclare
484 1060 568 1089 tum
592 1051 649 1088 illi
675 1049 846 1087 homines
873 1046 1003 1083 florem
1030 1041 1163 1094 populi

61 1121 139 1147 esse
154 1108 416 1147 dixerunt...“
433 1105 644 1154 Suadaeque
661 1101 870 1143 medulla.”
910 1096 1025 1134 Πειθω
1044 1107 1162 1146 quam

58 1169 192 1200 vocant
211 1160 347 1208 Graeci,
368 1160 475 1208 cujus
494 1158 641 1195 effector
659 1163 713 1193 est
726 1161 862 1201 orator,
877 1153 974 1189 hanc
988 1151 1163 1187 Suadam

60 1214 264 1266 appellavit
281 1213 442 1251 Ennius.
471 1211 568 1260 Ejus
587 1216 713 1246 autem
729 1206 940 1255 Cethegum
954 1202 1164 1240 medullam

59 1268 174 1305 fuisse
192 1267 287 1315 vult,
307 1273 364 1314 ut,
385 1277 502 1316 quam
521 1263 645 1307 Deam
668 1262 707 1298 in
727 1259 863 1297 Pericli
885 1256 1000 1295 labris
1019 1253 1164 1304 scripsit

60 1320 222 1371 Eupolis
254 1318 491 1363 sessitavisse,
520 1316 636 1364 hujus
664 1314 726 1350 hic
754 1310 960 1349 medullam
993 1314 1164 1345 nostrum

60 1380 246 1411 oratorem
263 1371 379 1410 fuisse
393 1369 544 1408 dixerit.
573 1368 632 1404 At
648 1367 710 1405 hic
724 1364 913 1413 Cethegus
932 1361 1061 1404 consul
1075 1371 1163 1397 cum

61 1426 105 1463 P.
127 1425 320 1462 Tuditano
339 1423 415 1461 fuit
432 1423 531 1460 bello
551 1419 697 1458 Punico
716 1416 897 1458 secundo:
926 1420 1164 1464 quaestorque

58 1479 118 1516 his
147 1477 362 1516 consulibus
392 1475 452 1513 M.
479 1474 588 1521 Cam,
617 1472 730 1509 modo
757 1470 869 1521 plane
898 1467 1006 1505 annis
1036 1465 1161 1503 CXL.

58 1539 146 1569 ante
163 1543 225 1568 me
243 1529 456 1568 consulem:
482 1535 518 1565 et
532 1526 696 1576 idipsum
711 1524 783 1561 nisi
802 1521 915 1563 unius
934 1526 1027 1564 esset
1044 1517 1165 1555 Ennii

58 1583 270 1622 testimonio
289 1582 496 1632 cognitum,
516 1580 618 1617 hunc
638 1584 814 1622 vetustas,
833 1581 878 1612 ut
900 1573 991 1610 alios
1009 1572 1164 1609 fortasse

58 1638 212 1684 multos,
232 1635 419 1674 oblivione
437 1633 630 1671 obruisset.
671 1629 781 1668 Illius
805 1634 933 1665 autem
959 1625 1076 1662 aetatis
1096 1623 1164 1674 qui

59 1703 181 1728 sermo
211 1689 338 1736 fuerit,
373 1700 420 1725 ex
452 1687 492 1724 N
495 1684 645 1723 aevianis
673 1682 816 1732 scriptis
843 1678 1001 1728 intelligi
1027 1683 1161 1728 potest.

59 1744 133 1781 His
159 1742 259 1780 enim
285 1740 514 1786 consulibus,
543 1745 585 1775 ut
610 1737 650 1774 in
674 1735 860 1773 veteribus
885 1729 1162 1770 commentariis

59 1796 240 1847 scriptum
277 1801 345 1843 est,
383 1793 423 1830 N
427 1792 541 1830 aevius
578 1797 632 1828 est
674 1795 846 1826 mortuus
867 1800 877 1823 ι
926 1795 1161 1834 quamquam

58 1849 181 1887 Varro
212 1854 349 1895 noster,
383 1843 689 1895 diligentissimus
720 1840 960 1889 investigator
997 1835 1161 1885 antiqui-

57 1902 156 1949 tatis,
187 1908 296 1952 putat
321 1900 362 1937 in
386 1899 457 1936 hoc
484 1904 674 1941 erratum3
709 1894 900 1942 vitamque
923 1890 962 1927 N
967 1889 1050 1926 aevii
1074 1899 1161 1938 pro-

57 1955 160 1992 ducit
177 1953 338 2004 longius.
368 1952 473 1990 Nam
493 1950 666 1996 Plautus,
689 1947 733 1984 P.
750 1944 924 1991 Claudio,
946 1942 992 1979 L.
1011 1940 1158 1987 Porcio,

55 2007 189 2058 viginti
206 2007 313 2044 annis
331 2012 415 2057 post
431 2005 529 2050 illos,
549 2015 643 2054 quos
655 2008 741 2038 ante
753 1998 846 2047 dixi,
863 1995 1044 2042 consules,
1059 2005 1161 2032 mor-

56 2069 145 2098 tuus
163 2066 231 2108 est,
251 2059 396 2097 catone
413 2068 574 2095 censore.

106 2113 223 2151 Hunc
239 2112 356 2163 igitur
374 2109 587 2160 Cethegum
605 2112 825 2147 consecutus
845 2109 900 2142 est
919 2107 1028 2140 aetatc
1046 2099 1157 2147 Cato,
