1407 2324
198 98 274 138 DE
294 98 499 140 CLARIS
517 99 905 150 ORATORIBUS,
925 99 1029 138 CAP.
1043 98 1107 138 60.
1155 98 1226 135 411

186 205 300 245 LIX.
339 207 521 245 Similiter
551 208 667 259 igitur
697 208 877 259 suspicor,
907 209 969 250 (ut
995 204 1232 244 conferamus

132 272 249 310 parva
277 261 442 310 magnis)
472 261 661 309 Curionis,
691 262 759 300 etsi
787 260 956 312 pupillus
983 259 1134 297 relictus
1162 265 1232 305 est,

132 312 254 364 patrio
271 313 386 351 fuisse
403 314 573 353 instituto
590 327 686 366 puro
704 327 874 353 sermone
897 312 1143 351 assuefactam
1166 310 1233 348 do-

133 377 267 411 mum;
292 374 330 405 et
348 379 390 404 eo
407 368 528 418 magis
546 368 616 406 hoc
631 368 773 417 judico,
793 367 896 419 quod
914 366 1104 404 neminem
1123 377 1171 402 ex
1188 364 1235 401 iis

134 418 303 469 quidem,
324 421 391 471 qui
415 421 542 472 aliquo
566 422 606 459 in
631 434 788 459 numero
815 421 982 466 fuerunt,
1011 417 1168 469 cognovi
1193 417 1234 454 in

133 473 239 510 omni
256 485 390 523 genere
407 474 648 512 honestarum
667 475 805 512 artium
823 481 902 511 tam
924 473 1132 518 indoctum,
1156 477 1236 509 tam

133 525 280 563 rudem.
310 527 476 564 Nullum
491 528 554 566 ille
567 532 718 579 poetam
732 535 905 573 noverat3
930 526 1082 563 nullum
1095 526 1237 575 legerat

134 586 342 624 oratoremz
367 581 513 618 nuHam
531 582 754 619 memoriam
768 580 1000 631 antiquitatis
1015 579 1212 628 collegerat
1222 591 1234 614 ε

136 644 212 671 non
231 633 428 684 publicum
449 635 526 683 jus,
553 647 629 673 non
654 636 844 685 privatum
870 642 906 671 et
931 633 1038 671 civile
1055 643 1238 681 cognove-

135 694 218 731 ταῖς
253 699 487 738 quamquam
516 688 555 725 id
585 688 739 739 quidem
768 687 842 725 fuit
869 687 983 725 etiam
1011 686 1051 722 in
1079 684 1175 731 aliis,
1202 690 1239 721 et

136 740 285 790 magnis
302 741 457 791 quidem
475 742 697 788 oratoribus,
712 754 805 792 quos
819 753 955 791 parum
968 739 1027 776 his
1040 739 1240 775 instructos

137 793 280 831 artibus
307 793 484 841 vidimus,
512 802 556 832 ut
583 795 809 845 Sulpicium,
833 801 876 831 ut
897 791 1126 831 Antonium.
1165 788 1240 829 Sed

138 845 166 884 ii
184 853 310 884 tamen
328 859 450 885 unum
467 847 565 885 illud
582 848 771 886 habebant
788 847 936 885 dicendi
957 858 1052 897 opus
1074 845 1241 882 elabora-

139 907 250 938 tum:
290 900 404 951 idque
433 913 521 939 cum
550 909 734 940 constaret
761 914 808 939 ex
841 901 1010 951 quinque
1037 896 1242 935 notissimis

137 954 320 1004 partibus,
347 966 458 992 nemo
483 954 524 991 in
549 955 679 1005 aliqua
700 962 806 1005 parte
824 966 954 992 earum
973 951 1128 990 omnino
1146 949 1242 988 nihil

137 1014 305 1058 poterat:
334 1007 375 1044 in
394 1007 635 1059 quacumque
654 1008 755 1046 enim
773 1008 852 1044 una
868 1007 981 1058 plane
1002 1004 1240 1050 claudicaret,

136 1067 261 1097 orator
278 1073 355 1098 esse
373 1073 449 1098 non
467 1069 602 1112 posset.
641 1061 716 1098 Sed
742 1068 869 1098 tamen
895 1060 991 1097 alius
1015 1058 1056 1096 in
1082 1057 1158 1095 alia
1176 1068 1242 1094 ex-

137 1113 295 1150 ceHebat
312 1113 458 1164 magis:
487 1114 707 1164 reperiebat,
735 1113 828 1164 quid
853 1113 927 1151 dici
952 1125 1047 1163 opus
1071 1118 1178 1157 esset,
1205 1116 1243 1147 et

137 1166 327 1217 quomodo
345 1167 560 1217 praeparari,
581 1174 618 1205 et
635 1180 712 1218 quo
728 1167 811 1205 loco
827 1166 962 1204 locari:
985 1163 1244 1213 memoriaque

138 1231 184 1256 ea
201 1220 540 1270 comprehendebat
557 1220 776 1258 Antonius:
806 1220 1012 1257 excellebat
1036 1224 1164 1255 autem
1182 1228 1244 1253 ac-

139 1272 260 1310 tione:
286 1280 467 1324 erantque
484 1273 519 1311 ei
536 1273 713 1323 quaedam
731 1286 778 1310 ex
795 1272 854 1309 his
872 1272 978 1322 paria
991 1284 1079 1309 cum
1095 1270 1243 1316 Crasso,

141 1325 317 1376 quaedam
342 1326 455 1363 etiam
480 1326 693 1376 superiora:
723 1333 762 1363 at
787 1325 912 1363 Crassi
936 1324 1058 1374 magis
1083 1323 1247 1361 enitebat

140 1379 272 1416 oratio.
301 1379 386 1416 Nec
403 1392 490 1417 vero
508 1379 675 1429 Sulpicio
693 1391 816 1429 neque
835 1378 957 1416 Cottae
975 1377 1096 1414 dicere
1113 1387 1246 1426 possu-

143 1442 244 1479 mus,
265 1444 388 1482 neque
402 1432 581 1483 cuiquam
595 1434 694 1470 bono
707 1431 857 1477 oratori,
877 1443 958 1468 rem
976 1431 1096 1467 ullam
1111 1441 1158 1466 ex
1171 1428 1248 1466 inis

143 1485 313 1535 quinque
331 1485 499 1535 partibus
517 1486 629 1536 plane
647 1493 761 1535 atque
778 1484 933 1522 omnino
955 1483 1127 1521 defuisse.
1168 1482 1248 1519 Ita-

144 1550 220 1588 que
236 1537 276 1574 in
300 1537 463 1576 Curione
487 1538 558 1576 hoc
583 1538 771 1576 verissime
793 1537 954 1586 judicari
978 1543 1114 1587 potest,
1140 1533 1249 1572 nulla

145 1603 186 1628 re
204 1591 281 1628 una
297 1591 419 1641 magis
432 1598 617 1629 oratorem
631 1590 899 1637 commendari,
915 1603 1033 1640 quam
1047 1590 1248 1627 verborum

145 1643 341 1694 splendore
359 1651 397 1682 et
414 1644 544 1695 copia:
575 1657 680 1692 nam,
703 1657 791 1682 cum
817 1643 946 1681 tardus
969 1643 1010 1680 in
1035 1640 1248 1693 cogitando,

147 1704 231 1734 tum
249 1697 290 1735 in
307 1697 525 1735 instruendo
544 1697 744 1748 dissipatus
762 1697 846 1734 fuit.

199 1749 288 1788 LX.
319 1751 486 1801 Reliqua
508 1751 583 1788 duo
608 1758 710 1798 sunt,
731 1763 854 1800 agere,
878 1757 915 1788 et
939 1747 1178 1786 meminisse:
1209 1746 1248 1783 ’m

145 1810 306 1854 utroque
331 1804 530 1842 cachinnos
554 1804 791 1841 irridentium
809 1804 1080 1841 commovebat.
1115 1800 1250 1838 Motus

147 1863 227 1894 erat
257 1857 302 1904 is,
331 1869 448 1908 quem
476 1864 513 1895 et
541 1856 586 1895 C.
610 1857 742 1895 Julius
770 1857 810 1894 in
838 1862 1064 1907 perpetuum
1092 1852 1251 1899 notavit,

146 1921 237 1947 cum
261 1922 308 1948 ex
326 1922 384 1958 eo,
404 1910 443 1947 in
467 1917 668 1961 utramque
692 1917 839 1961 partem
861 1916 939 1947 toto
963 1919 1115 1958 corpore
1140 1905 1253 1943 vacil-

145 1962 262 2010 lante,
295 1963 481 2014 quaesivit,
520 1965 548 1985 “
573 1963 658 2014 quis
693 1964 909 2014 loqueretur
945 1974 966 1999 e
1000 1961 1113 1998 lintre
1129 1959 1174 1997 ?’'
1216 1964 1253 1995 et

146 2014 220 2053 Cn.
248 2015 424 2064 Sicinius,
461 2017 576 2055 homo
607 2016 795 2068 impurus,
828 2015 892 2053 sed
925 2013 1132 2051 admodum
1163 2009 1254 2048 ridi-

147 2069 270 2116 culus,
297 2081 420 2120 neque
444 2069 549 2107 aliud
570 2069 611 2106 in
636 2082 680 2107 eo
704 2068 859 2106 oratoris
884 2067 1006 2106 simile
1030 2065 1254 2116 quidquam.

150 2121 191 2158 Is
209 2133 299 2159 cum
316 2122 492 2160 tribunus
510 2123 630 2174 plebis
649 2122 855 2160 Curionem
880 2128 918 2158 et
942 2119 1146 2158 Octavium
1165 2128 1254 2155 con-

148 2173 247 2213 sules
266 2174 518 2226 produxisset,
545 2175 737 2227 Curioque
761 2175 884 2213 multa
906 2173 1075 2219 dixisset,
1103 2170 1255 2210 sedente
