1407 2324
236 76 314 117 DE
333 73 629 123 ORATORE,
659 72 759 112 Lm.
776 69 858 110 ΙΙΙ.
889 68 993 108 cm».
1011 67 1074 106 49.
1130 66 1206 104 341

90 187 162 226 hoc
175 196 437 231 numerorum,
453 180 662 220 dummodo
677 193 726 218 ne
740 178 964 218 continuum
979 174 1040 222 sit,
1060 173 1100 210 in
1115 185 1198 211 ora-

91 241 204 279 tionis
222 239 335 277 laude
358 244 531 289 ponetur.
573 235 679 273 Nam
699 234 730 271 si
749 232 852 270 rudis
879 238 916 269 et
934 228 1107 280 impolita
1125 240 1198 277 pu-

92 294 208 332 tanda
232 300 287 331 est
312 292 379 329 illa
405 291 484 329 sine
508 288 715 327 intervallis
733 285 941 337 loquacitas
961 280 1134 333 perennis
1161 287 1198 317 et

89 347 294 399 profluens,
315 345 409 396 quid
427 351 482 382 est
500 342 604 380 aliud
624 354 758 388 causae,
780 353 846 377 cur
865 336 1097 388 repudietur,
1124 332 1197 370 nisi

91 401 195 452 quod
231 399 434 438 hominum
471 409 578 434 aures
616 407 745 433 vocem
782 392 920 430 natura
951 388 1198 427 modulantur

91 455 216 505 ipsae?
246 452 348 505 quod
373 451 468 500 fieri,
498 450 570 488 nisi
595 449 692 486 inest
716 459 897 485 numerus
923 444 964 481 in
990 454 1093 490 voce,
1122 451 1200 477 non

95 515 229 560 potest.

146 561 344 599 Numerus
363 566 490 597 autem
509 557 549 594 in
568 553 847 594 continuatione
873 551 1003 589 nullus
1033 555 1110 586 est:
1142 546 1200 584 di-

92 614 256 661 stinctIO,
273 621 309 651 et
323 612 543 664 aequalium,
553 617 590 647 et
605 621 701 658 saepe
710 607 899 645 variorum
914 602 1200 641 intervallorum

93 667 296 720 percussio,
327 677 532 704 numerum
563 662 734 706 conficit3
765 672 880 710 quem
907 658 948 695 in
981 653 1200 694 cadentibus

95 722 227 773 guttis,
259 720 361 772 quod
389 717 595 756 intervallis
624 714 924 764 distinguuntur,
954 716 1084 747 notare
1113 719 1200 757 pos-

97 788 228 815 sumus
244 788 255 819 ·,
284 774 323 810 in
343 772 446 811 amni
465 769 721 822 praecipitante
739 779 814 804 non
834 775 1047 817 possumus.
1084 759 1202 807 Quod

96 830 128 868 si
153 827 384 867 continuatio
403 827 603 864 verborum
621 823 702 859 haec
721 821 843 859 soluta
865 817 988 855 multo
1007 822 1062 852 est
1081 814 1202 864 aptior

96 890 211 934 atque
221 880 438 930 jucundior,
452 879 483 916 si
497 885 551 915 est
563 875 729 914 articulis
742 872 998 920 membrisque
1009 868 1199 913 distincta,

97 949 215 987 quam
230 935 260 973 si
275 934 492 972 continuata
511 943 553 968 ac
567 929 775 980 producta3
805 926 978 963 membra
995 922 1062 959 illa
1080 920 1202 957 modi-

96 991 207 1028 ficata
236 1001 313 1026 esse
343 987 558 1024 debebunt:
590 996 675 1034 quae
705 981 736 1019 si
764 981 805 1017 in
835 985 1002 1017 extremo
1031 974 1204 1012 breviora

98 1050 201 1090 sunt,
229 1040 448 1090 infringitur
472 1039 537 1075 ille
564 1036 672 1088 quasi
700 1036 901 1072 verborum
929 1029 1118 1068 ambitus:
1150 1026 1202 1064 sic

98 1096 201 1135 enim
232 1095 301 1133 has
333 1092 509 1132 orationis
541 1088 798 1128 conversiones
832 1084 956 1123 Graeci
988 1080 1201 1120 nominant.

99 1152 230 1198 Quare
255 1154 320 1186 aut
338 1147 444 1198 paria
461 1157 540 1183 esse
557 1144 694 1181 debent
711 1139 916 1192 posteriora
934 1134 1202 1187 superioribus,

100 1211 270 1243 extrema
282 1201 430 1253 primis,
446 1206 512 1237 aut
526 1196 647 1249 (quod
660 1195 774 1234 etiam
789 1200 844 1232 est
855 1191 993 1231 melius
1012 1196 1048 1227 et
1063 1189 1202 1237 jucun-

101 1258 202 1303 dius)
222 1255 403 1306 longiora.

154 1309 311 1349 XLIX.
340 1307 473 1357 Atque
501 1305 583 1342 haec
611 1301 766 1354 quidem
798 1302 846 1338 ab
878 1299 923 1336 iis
953 1293 1202 1347 philosophis,

102 1378 197 1418 quos
215 1371 256 1401 tu
275 1361 445 1399 maxime
462 1358 601 1408 diligis,
622 1355 771 1403 Catule,
791 1353 892 1390 dicta
905 1357 1018 1394 sunt3
1039 1347 1141 1398 quod
1160 1359 1204 1384 eo

100 1418 238 1470 saepius
264 1414 452 1460 testificor,
478 1419 536 1459 ut,
563 1409 778 1448 auctoribus
801 1403 1015 1452 laudandis,
1042 1400 1204 1452 ineptia-

100 1486 189 1512 rum
208 1470 349 1509 crimen
367 1465 559 1516 effugiam.

154 1526 332 1573 Quarum
357 1520 511 1558 tandem
525 1521 543 1556 ?
571 1516 697 1568 inquit
715 1513 900 1558 Catulus;
930 1517 996 1550 aut
1015 1507 1109 1560 quid
1127 1507 1204 1545 dis-

102 1579 298 1633 putatione
321 1574 395 1613 ista
419 1572 543 1611 afferri
567 1576 690 1622 potest
714 1566 934 1618 elegantius,
962 1570 1029 1602 aut
1046 1560 1203 1600 omnino

103 1633 178 1672 dici
203 1629 412 1670 subtilius?
440 1627 500 1664 At
524 1625 626 1663 enim
652 1635 792 1670 vereor,
819 1619 945 1671 inquit
963 1617 1134 1661 Crassus,
1155 1626 1204 1652 ne

103 1688 186 1726 haec
204 1691 271 1723 aut
287 1680 496 1720 difficiliora
513 1679 592 1717 istis
611 1677 660 1715 ad
682 1673 986 1727 persequendum
1005 1682 1082 1708 esse
1100 1667 1204 1706 vide-

105 1748 232 1787 antur,
257 1742 338 1784 aut,
367 1734 458 1786 quia
481 1745 558 1771 non
583 1730 784 1769 traduntur
806 1728 848 1765 in
866 1724 1014 1776 vulgari
1037 1721 1110 1760 ista
1128 1721 1207 1758 dis-

106 1792 262 1846 ciplina,
281 1802 350 1828 nos
369 1801 413 1827 ea
429 1788 576 1836 majora
601 1797 645 1823 ac
668 1782 876 1821 difficiliora
893 1777 1011 1818 videri
1028 1775 1123 1814 velle
1148 1773 1205 1812 vi-

105 1849 275 1888 deamur.
304 1843 410 1881 Tum
431 1840 606 1887 Catulus,
622 1838 752 1885 Erras,
771 1834 910 1886 inquit,
927 1832 1073 1877 Crasse,
1089 1827 1120 1865 si
1138 1833 1206 1864 aut

104 1915 182 1950 me,
209 1905 276 1938 aut
302 1897 441 1935 horum
469 1904 717 1946 quemquam,
746 1896 857 1941 putas
882 1900 905 1924 a
928 1893 966 1924 te
988 1884 1070 1922 haec
1092 1892 1207 1931 opera

105 1952 326 2007 quotidiana
343 1956 380 1988 et
392 1954 595 2000 pervagata
608 1950 831 1996 exspectare.
872 1941 966 1987 Ista,
993 1948 1080 1987 quae
1098 1933 1205 1982 dicis,

104 2009 180 2048 dici
192 2006 369 2047 volumus
382 2016 394 2049 ;
415 2014 538 2053 neque
555 2007 635 2039 tam
654 1998 742 2047 dici,
762 2007 879 2048 quam
892 1994 964 2031 isto
977 1989 1051 2028 dici
1064 1986 1203 2025 modo:

106 2075 229 2115 neque
252 2058 322 2097 tibi
339 2057 412 2095 hoc
428 2069 498 2108 pro
515 2067 578 2092 me
596 2053 734 2099 solum,
754 2050 819 2088 sed
836 2060 905 2099 pro
929 2045 988 2083 his
1012 2040 1204 2087 omnibus,

106 2119 186 2157 sine
209 2112 290 2153 ulla
317 2109 551 2149 dubitatione
575 2105 793 2158 respondeo.
840 2101 926 2151 Ego
951 2110 1051 2144 vero,
1080 2093 1206 2145 inquit

106 2168 313 2214 Antonius,
352 2162 479 2204 inveni
510 2160 678 2209 tandem,
711 2168 827 2211 quem
853 2152 1039 2245 :negaram
1070 2148 1111 2186 in
1143 2159 1202 2194 eu,

751 2212 778 2248 2
798 2219 825 2247 G
