1407 2324
215 63 292 104 DE
321 62 616 113 ORATORE,
645 63 743 102 Lm.
765 62 847 101 111.
877 62 980 102 cst.
1000 63 1065 101 36.
1111 65 1191 103 329

84 184 245 224 gressus,
279 179 392 223 atque
419 171 460 209 in
492 178 655 223 quatuor
680 178 804 222 partes
831 183 984 209 omnem
1010 172 1187 210 orationis

82 225 236 264 laudem
255 225 496 276 descripseras
513 239 522 262 :
554 238 718 276 cumque
736 224 783 262 de
801 224 949 263 duabus
967 225 1099 275 primis
1118 238 1186 264 no·

86 279 144 318 bis
169 279 324 330 quidem
349 279 452 325 satis,
482 279 559 325 sed,
583 286 627 316 ut
644 278 723 329 ipse
741 278 903 325 dicebas,
923 279 1089 317 celeriter
1107 280 1187 317 exi-

83 345 234 384 gueque
252 332 421 380 dixisses,
441 332 534 370 duas
554 332 622 370 tibi
646 332 809 382 reliquas
827 331 979 379 feceras,
1003 333 1186 383 quemad-

83 385 244 424 modum
270 386 438 436 primum
464 393 607 432 ornate,
636 385 770 423 deinde
795 385 908 423 etiam
926 393 1025 436 apte,
1046 386 1185 425 dicere-

83 452 183 478 mus.
238 439 328 487 Quo
356 452 444 477 cum
470 439 658 489 ingressus
685 451 794 485 esses,
825 448 976 489 repente
1007 447 1044 477 te
1076 440 1185 491 quasi

82 492 241 544 quidam
275 500 386 530 aestus
420 493 562 543 ingenii
589 493 644 530 tui
668 493 800 542 procul
825 505 848 529 a
872 494 970 530 terra
1002 493 1181 544 abripuit,

80 554 195 597 atque
213 546 253 583 in
272 547 394 583 altum
412 559 435 583 a
453 554 652 596 conspectu
670 558 777 596 paene
795 546 967 583 omnium
987 547 1180 584 abstraxit.

80 599 252 638 Omnem
279 599 381 637 enim
408 612 536 637 rerum
564 599 755 636 scientiam
778 600 1011 650 complexus,
1036 604 1112 638 non
1139 608 1180 638 tu

82 653 239 704 quidem
265 665 349 690 eam
377 653 484 690 nobis
510 652 694 690 tradidisti
727 656 867 703 (neque
890 653 991 690 enim
1009 653 1082 690 fuit
1101 662 1180 692 tam

79 706 211 756 exigui
241 706 464 757 temporis);
507 706 584 751 sed,
615 705 718 756 apud
749 706 818 744 hos
847 706 940 757 quid
968 707 1180 757 profeceris,

75 760 202 798 nescio
216 773 228 804 ;
257 772 319 796 me
333 759 487 810 quidem
501 759 541 796 in
555 759 805 797 Academiam
820 766 943 797 totum
954 760 1180 810 compulisti.

82 813 131 851 In
156 813 234 864 qua
259 813 373 850 velim
399 813 446 850 sit
472 812 582 859 illud,
610 813 711 863 quod
737 826 834 863 saepe
851 813 1020 864 posuisti,
1042 821 1085 850 ut
1103 826 1180 852 non

77 879 225 905 necesse
243 867 291 904 sit
308 879 526 904 consumere
545 873 706 911 aetatem,
727 873 841 917 atque
858 874 902 904 ut
919 867 1035 917 possit
1057 867 1088 904 is
1114 867 1182 905 illa

75 920 206 958 omnia
235 932 396 967 cernere,
435 920 502 970 qui
540 919 804 957 tantummodo
835 920 1047 970 adspexerit
1063 934 1073 957 z
1113 921 1178 958 sed

74 974 190 1011 etiam
208 974 239 1011 si
258 980 313 1011 est
330 974 524 1024 aliquanto
537 972 702 1023 spissius,
716 980 782 1010 aut
796 973 827 1010 si
841 986 909 1023 ego
924 986 1009 1011 sum
1023 973 1177 1021 tardior,

74 1026 240 1078 profecto
268 1039 468 1077 nunquam
502 1026 776 1086 conquiescam,
800 1039 924 1077 neque
945 1027 1179 1077 defatigabor

75 1088 176 1126 ante,
197 1093 314 1131 quam
332 1080 486 1118 illorum
504 1080 683 1130 ancipites
703 1079 780 1117 vias
794 1080 1042 1131 rationesque,
1059 1088 1095 1118 et
1109 1094 1178 1131 pro

73 1134 265 1180 omnibus,
287 1140 323 1171 et
341 1141 470 1171 contra
487 1133 629 1180 omnia,
649 1133 868 1183 disputandi
885 1147 1094 1184 percepero.

127 1187 235 1225 Tum
261 1187 399 1234 Caesar,
426 1186 575 1233 Unum,
603 1187 742 1237 inquit,
768 1200 831 1225 me
856 1200 903 1224 ex
921 1194 987 1225 tuo
1005 1200 1177 1226 sermone

73 1241 254 1288 maxime,
282 1240 427 1286 Crasse,
447 1240 664 1287 commovit,
685 1240 788 1291 quod
807 1253 895 1278 eum
919 1241 1079 1290 negasti,
1109 1241 1176 1292 qui

70 1307 150 1333 non
169 1295 242 1332 cito
261 1294 354 1345 quid
380 1293 580 1340 didicisset,
599 1306 770 1344 unquam
790 1293 945 1331 omnino
963 1307 1070 1344 posse
1090 1307 1176 1344 per-

72 1348 237 1393 discere3
266 1355 311 1385 ut
335 1346 433 1384 mihi
457 1359 533 1384 non
561 1347 609 1384 sit
635 1346 785 1384 difficile
810 1347 1024 1397 periclitari,
1048 1354 1085 1384 et
1109 1355 1176 1386 aut

73 1401 202 1439 statim
220 1401 409 1452 percipere
426 1400 510 1446 ista,
531 1413 617 1451 quae
636 1406 678 1437 tu
701 1400 822 1437 verbis
841 1400 890 1436 ad
908 1400 1044 1438 coelum
1066 1408 1176 1439 extu-

70 1454 149 1492 listi
162 1468 174 1500 ;
204 1461 283 1501 aut,
304 1454 335 1491 si
349 1466 425 1491 non
439 1453 640 1504 potuerim,
655 1460 804 1504 tempus
815 1465 890 1490 non
904 1453 1072 1504 perdere,
1085 1467 1174 1492 cum

69 1515 199 1546 tamen
218 1507 276 1545 his
294 1507 429 1545 nostris
447 1506 587 1557 possim
606 1519 682 1544 esse
700 1514 908 1544 contentus.

125 1561 206 1599 Hic
236 1560 440 1611 Sulpicius,
464 1560 550 1610 Ego
578 1572 678 1605 vero,
707 1560 847 1610 inquit,
876 1560 1022 1608 Crasse,
1049 1574 1173 1612 neque

69 1615 315 1653 Aristotelem
339 1614 469 1660 istum,
499 1626 622 1664 neque
648 1613 895 1660 Carneadem,
915 1626 984 1652 nec
1007 1615 1173 1665 philoso-

67 1669 233 1720 phorum
247 1680 495 1720 quemquam,
511 1666 701 1704 desidero:
731 1667 791 1705 vel
804 1680 866 1704 me
879 1667 966 1705 licet
983 1668 1173 1706 existimes

70 1722 266 1772 desperare
291 1721 364 1759 ista
389 1733 496 1771 posse
522 1720 742 1771 perdiscere,
769 1721 829 1758 vel
854 1721 910 1763 (id
934 1721 1038 1772 quod
1058 1722 1171 1769 facio)

67 1782 317 1815 contemnere.
359 1774 464 1812 Mihi
485 1786 612 1811 rerum
629 1774 835 1812 forensium
854 1781 891 1811 et
909 1775 1172 1813 communium

69 1828 235 1879 vulgaris
252 1828 334 1866 haec
350 1827 513 1877 cognitio
531 1827 619 1865 satis
637 1839 778 1878 magna
795 1835 850 1865 est
869 1827 917 1865 ad
935 1841 1033 1874 eam,
1053 1841 1172 1879 quam

71 1889 210 1943 specto,
237 1881 519 1932 eloquentiam;
549 1893 596 1918 ex
622 1894 700 1932 qua
725 1880 809 1931 ipsa
832 1888 959 1918 tamen
983 1883 1173 1932 permulta

70 1935 222 1980 nesci03
251 1948 338 1986 quae
355 1941 439 1972 tum
453 1934 629 1984 denique,
649 1947 737 1972 cum
756 1946 867 1971 causa
885 1934 1025 1984 aliqua,
1046 1948 1132 1985 quae
1150 1948 1174 1972 a

71 2001 135 2026 me
152 1988 310 2027 dicenda
327 1995 394 2035 est,
415 1987 611 2034 desiderat,
631 2000 770 2038 quaero.
804 1987 1079 2034 Quamobrem,
1100 1988 1172 2026 nisi

73 2041 169 2080 forte
187 2054 225 2080 es
246 2042 328 2090 jam
353 2040 532 2087 defessuS,
556 2048 593 2079 et
618 2041 649 2078 si
675 2041 745 2079 tibi
767 2053 843 2078 non
867 2053 998 2089 graves
1022 2054 1170 2089 sumus,

72 2094 169 2133 refer
185 2094 234 2132 ad
251 2094 318 2132 ina
335 2101 386 2141 te,
402 2107 488 2146 quae
501 2094 573 2132 ad
563 2094 681 2146 ipsius
692 2093 869 2132 orationis
880 2093 1032 2131 laudem
1047 2096 1171 2147 splen-

72 2147 279 2200 doremque
309 2147 522 2199 pertinent3
552 2161 638 2199 quae
664 2160 734 2199 ego
745 2160 809 2237 2ex
836 2153 874 2237 {e
899 2147 1029 2186 audire
1056 2149 1172 2196 volui,

792 2211 816 2238 f·
