1429 2344
161 98 214 137 56
270 95 346 136 DE
368 94 757 146 INVENTIONE‚
788 95 885 134 Lm.
909 94 941 134 Ι.
973 95 1077 135 GAP.
1098 98 1162 135 55.

162 219 312 257 pueros,
333 219 451 252 senes,
473 204 674 251 muliere83
705 204 844 255 quibus
867 205 1044 242 omnibus
1064 205 1195 242 acriter
1213 207 1279 243 ex'-

164 260 277 298 citata
301 259 526 310 indignatio,
547 271 744 296 summum
770 258 809 295 in
830 271 932 306 eum,
959 258 1026 309 qui
1046 258 1194 296 violarit
1212 259 1280 296 ho-

166 327 254 351 rum
266 313 427 365 aliquid,
448 313 580 350 odium
595 324 831 350 commovere
848 311 996 362 poterit.
1027 312 1165 350 Nonus
1179 313 1283 350 100115

167 375 237 415 est,
263 380 331 418 per
356 379 472 418 quem
499 379 587 404 cum
614 366 710 413 aliis,
731 379 817 416 quae
843 372 987 402 constat
1013 378 1090 403 esse
1117 374 1282 416 peccata,

167 422 252 469 hoc,
287 433 364 471 quo
397 420 443 458 de
476 420 633 471 quaestio
662 426 730 466 est,
763 426 1026 469 comparatum
1057 426 1093 456 et
1123 419 1190 466 ita,
1219 433 1286 470 per

168 474 462 520 contentionem,
493 480 636 524 quanto
655 472 817 510 atrocius
836 480 872 510 et
889 472 1083 523 indignius
1102 473 1150 510 sit
1173 473 1284 518 illud,

169 541 247 579 quo
273 528 319 565 de
349 527 488 578 agitur,
516 526 737 564 ostenditur.
786 526 970 564 Decimus
972 505 1100 564 ὃ’100115
1125 534 1192 574 aet,
1221 540 1288 577 per

171 595 287 633 quem
302 581 443 629 omnia,
461 593 547 630 quae
561 580 601 617 in
616 580 766 630 negotio
781 579 944 630 gerendo
959 587 1042 617 acta
1060 588 1162 627 sunt,
1183 594 1288 641 quae-

169 648 245 687 que
269 642 354 686 post
379 634 576 684 negotium
601 640 800 672 consecuta
817 647 843 671 5
839 641 919 681 int,
941 646 1029 670 cum
1047 633 1288 682 uniuscujus-

170 702 246 740 que
271 687 530 738 indignatione
556 694 593 725 et
611 687 884 735 criminatione,
905 687 1132 748 comgimus,
1153 695 1189 724 et
1207 700 1286 725 rem

171 742 293 780 verbis
320 754 438 793 quam
462 741 631 779 maxime
657 749 743 779 ante
769 742 896 778 oculos
922 742 1017 790 ejus,
1044 740 1147 791 apud
1172 754 1287 792 quem

171 796 323 843 dicitur,
343 795 536 846 ponimus,
557 802 601 832 ut
619 795 672 844 id,
694 795 797 846 quod
818 794 1021 845 indignum
1041 802 1109 842 est,
1135 794 1290 846 perinde

171 849 230 887 1111
248 849 420 888 videatur
437 848 655 899 indignum,
677 862 719 886 ac
738 848 769 886 si
788 849 867 899 ipse
885 848 1111 896 interfuerit,
1131 861 1174 886 ac
1193 862 1288 899 prae-

173 916 256 941 sens
276 902 420 941 viderit.
462 903 698 940 Undecimus
722 903 827 940 locus
846 910 914 949 est,
934 915 1001 954 per
1027 915 1142 953 quem
1167 910 1290 941 osten-

172 957 314 1005 dimus,
342 958 390 994 ab
413 969 456 994 eo
475 956 634 1005 factum,
655 969 678 993 a
696 969 773 1007 quo
791 956 950 994 minime
968 956 1187 1007 oportuerit,
1208 964 1245 994 et
1269 971 1292 995 a

173 1024 265 1062 quo,
295 1010 327 1048 si
345 1010 441 1047 alius
459 1010 611 1058 faceret,
640 1010 832 1061 prohiberi
863 1010 1087 1048 conveniret.
1135 1010 1294 1048 Duode-

174 1065 296 1103 cimus
319 1065 424 1102 100115
450 1071 518 1111 est,
538 1077 606 1115 per
631 1077 746 1115 quem
771 1064 1030 1114 indignamur,
1058 1063 1161 1115 quod
1185 1065 1294 1103 nobis

174 1118 246 1156 hoc
260 1118 393 1169 primis
409 1118 596 1166 acciderit,
617 1130 685 1155 nec
704 1118 817 1155 alicui
835 1131 925 1168 unq
922 1131 1007 1155 lam
1026 1131 1099 1155 usu
1119 1119 1292 1156 evenerit.

177 1171 503 1210 Tertiusdecimus
530 1172 635 1209 locus
661 1179 728 1219 est,
750 1172 781 1208 si
800 1185 888 1209 cum
907 1171 1048 1220 injuria
1067 1173 1296 1210 contumeiia

172 1227 307 1275 juncta
324 1225 627 1271 demonstratur3
658 1238 725 1276 per
744 1238 860 1276 quem
878 1225 1035 1263 locum
1024 1238 1065 1262 111
1079 1227 1294 1276 superbiam

177 1287 215 1318 et
242 1279 495 1329 arrogantiam
526 1279 658 1317 odium
686 1279 905 1317 concitatur.
953 1279 1295 1326 Quartusdecimus

176 1334 282 1371 100115
301 1340 369 1381 est,
390 1346 457 1384 per
476 1346 592 1384 quem
610 1333 775 1384 petimus
790 1334 837 1370 ab
852 1333 897 1369 iis
912 1333 980 1384 qui
994 1333 1168 1381 audiunt,
1188 1341 1232 1371 ut
1247 1333 1296 1372 ad

177 1400 264 1425 suas
289 1400 348 1424 res
365 1394 510 1424 nostras
528 1387 688 1435 injurias
708 1386 894 1424 referant:
927 1386 958 1424 si
983 1386 1032 1423 ad.
1056 1400 1192 1437 pueros
1210 1401 1295 1439 per-

178 1441 327 1488 tinebit,
357 1440 404 1478 de
425 1441 552 1478 liberis
578 1441 654 1478 suis
680 1440 868 1491 cogitent;
899 1440 931 1478 si
956 1440 1004 1477 ad
1029 1441 1221 1489 mulieres,
1251 1442 1298 1480 de

179 1494 387 1539 uxoribus3
419 1494 450 1531 si
475 1494 523 1531 ad
553 1507 671 1543 senes,
699 1494 746 1531 de
770 1494 941 1545 patribus
971 1501 1037 1531 aut
1066 1495 1297 1545 parentibus.

179 1547 520 1595 Quintusdecimus
549 1548 653 1585 locus
684 1555 752 1596 est,
783 1561 851 1598 per
876 1561 992 1599 quem
1021 1548 1106 1585 diei.
1095 1561 1196 1597 ¹nus,
1226 1550 1300 1587 ini-

179 1601 286 1639 micis
313 1614 465 1652 quoque
491 1610 528 1640 et
552 1601 723 1639 hostibus
749 1615 805 1648 ea,
833 1615 920 1653 quae
944 1601 1053 1639 nobis
1080 1602 1294 1651 acciderint,

179 1655 339 1705 indigna
357 1655 475 1692 videri
494 1656 621 1693 solere.
665 1655 720 1692 Et
737 1655 949 1706 indignatio
968 1655 1123 1706 quidem
1143 1656 1201 1694 his
1220 1658 1298 1695 fere

180 1709 228 1747 de
245 1708 336 1746 locis
354 1709 573 1758 gravissime
592 1716 774 1746 sumetur.

233 1762 323 1800 LV.
366 1761 655 1814 Conquestionis
691 1770 820 1800 autem
856 1762 1078 1811 hujusmodi
1110 1763 1157 1800 de
1188 1766 1301 1804 rebus

180 1823 305 1868 partes
330 1823 456 1867 petere
481 1816 678 1867 oportebit.
709 1816 940 1868 Conquestio
965 1824 1021 1854 est
1038 1817 1169 1865 oratio,
1191 1819 1298 1856 audi-

182 1877 309 1908 torum
333 1869 627 1907 misericordiam
647 1877 812 1920 captans.
860 1869 909 1907 In
933 1870 1005 1908 hac
1029 1870 1199 1920 primum
1218 1873 1300 1910 ani-

182 1936 292 1961 mum
307 1923 487 1960 auditoris
501 1924 634 1961 mitem
650 1931 686 1961 et
699 1923 977 1961 misericordem
997 1924 1176 1962 conficere
1191 1938 1302 1977 opor-

183 1985 250 2025 tet,
277 1990 354 2028 quo
379 1977 526 2015 facilius
545 1978 810 2028 conquestione
828 1977 1056 2016 commoveri
1080 1979 1208 2028 possit.
1251 1980 1300 2018 Id

183 2031 274 2069 locis
293 2031 560 2069 communibus
574 2031 716 2070 efficere
730 2032 929 2083 oportebit,
945 2045 1013 2083 per
1027 2045 1121 2082 quos
1139 2032 1302 2073 fortunae

186 2085 242 2123 vis
271 2085 311 2123 in
341 2097 485 2133 omneS,
517 2092 554 2123 et
584 2085 786 2124 hominum
819 2085 1032 2133 infirmitas,
1062 2087 1298 2126 ostenditur:

186 2139 265 2189 qua
289 2138 456 2177 oratione
479 2139 610 2177 habita
635 2139 797 2190 graviter
815 2146 852 2177 et
870 2139 1105 2188 sententiose,
1133 2141 1304 2181 maxime

187 2192 399 2231 demittitur
428 2193 578 2231 animus
608 2193 823 2243 hominum,
859 2201 895 2232 et
927 2193 976 2232 ad
1008 2193 1303 2234 misericordiam
