1429 2344
225 99 276 144 70
331 99 408 139 DE
437 99 825 150 INVENTIONE,
856 101 1029 140 1111111.
1059 102 1163 141 ΟΛΡ.
1185 101 1246 140 11.

222 208 380 256 victum,
404 216 470 246 aut
489 208 672 258 studium,
699 205 766 247 aut
784 209 990 259 fortunam,
1021 217 1088 248 aut
1105 208 1250 260 aliquid
1268 220 1331 246 eo-

221 274 309 299 rum
337 275 423 313 quae
447 263 613 313 personis
638 262 819 301 attributa
837 271 939 311 sunt,
969 263 1018 301 ad
1046 276 1131 301 eam
1159 274 1328 308 causam,

222 329 301 366 qua
319 323 553 354 commotum
572 329 742 367 peccasse
760 316 870 365 dicet,
891 317 1110 368 adjungere,
1140 323 1255 367 atque
1281 327 1329 352 ex

219 368 360 420 dispari
378 382 530 420 quoque
548 383 683 420 genere
701 370 914 420 culparum,
935 371 965 408 si
984 383 1031 408 ex
1056 370 1138 421 pari
1157 367 1331 407 sumendi

220 422 380 460 facultas
398 435 475 460 non
494 423 577 472 erit,
589 424 802 474 improbare
815 424 988 461 animum
1002 423 1202 462 adversarii
1219 435 1331 474 opor-

222 476 341 521 tebit3
362 483 420 524 ut,
440 476 471 514 si
490 477 646 515 avaritia
664 476 862 515 inductum
882 491 1016 528 arguas
1035 477 1176 525 fecisse,
1193 483 1230 514 et
1243 488 1332 514 ava-

221 542 309 568 rum
329 543 432 578 eum,
462 543 576 581 quem
603 544 765 591 accuses,
796 531 1050 569 demonstrare
1079 543 1156 569 non
1186 529 1331 581 possis;

220 583 304 621 aliis
323 583 476 621 affinem
495 597 572 622 esse
590 584 689 622 vitiis
707 584 854 633 doceas,
885 592 922 622 et
952 598 998 622 ex
1025 598 1070 622 ea
1094 597 1134 622 re
1159 596 1235 621 non
1254 595 1332 621 esse

221 637 454 685 mirandum,
475 638 542 689 qui
560 637 600 675 in
619 638 686 675 illa
704 651 744 675 re
755 638 881 698 'turpis
904 646 971 675 aut
997 637 1156 689 cupidus
1183 644 1250 675 aut
1267 648 1334 688 pe-

220 691 348 728 tulans
365 690 492 739 fuerit,
506 692 576 729 hac
588 705 739 742 quoque
752 691 792 728 in
806 705 846 730 re
858 704 946 729 eum
958 691 1168 742 deliquisse.
1198 690 1334 738 Quan-

221 750 306 781 tum
326 744 427 782 enim
446 744 492 782 (10
510 745 703 783 honestate
721 752 758 782 et
776 745 995 783 auctoritate
1013 746 1108 794 ejus,
1122 744 1189 795 qui
1207 743 1334 794 argui-

222 804 299 846 tur,
330 797 540 836 detractum
568 807 636 846 est,
666 799 906 837 tantumdem
936 799 984 836 de
1012 798 1191 836 facultate
1216 797 1332 836 totius

221 858 278 889 est
305 850 529 890 defensionis
559 853 812 890 deminutum.
853 853 894 891 Si
923 852 1021 890 nulli
1050 851 1171 890 affinis
1195 850 1332 902 poterit

220 904 313 942 vitio
331 918 416 943 reus
435 913 521 943 ante
539 906 702 944 admisso
721 906 968 944 demonstrari
983 920 995 952 ;
1016 907 1120 944 locus
1133 905 1333 943 inducetur

220 958 299 1005 ille,
319 971 387 1009 per
404 971 519 1010 quem
538 959 714 998 hortandi
728 960 873 1009 judices
892 967 1016 1009 erunt,
1036 966 1080 998 ut
1098 966 1261 997 veterem
1275 958 1333 996 fa-

220 1023 328 1049 mam
345 1012 510 1050 hominis
528 1014 624 1051 nihil
653 1014 702 1051 ad
731 1026 810 1051 rem
840 1021 976 1064 putent
999 1012 1210 1065 pertinere3
1240 1024 1330 1050 nam

221 1078 312 1103 eum
330 1073 418 1104 ante
437 1067 586 1115 celasse,
608 1080 710 1106 nunc
734 1067 933 1105 manifesto
952 1067 1094 1112 teneri3
1119 1079 1236 1118 quare
1254 1078 1331 1103 non

222 1126 393 1170 oportere
410 1119 508 1158 hanc
526 1133 606 1159 rem
625 1135 672 1159 ex
691 1121 872 1172 superiori
891 1120 969 1159 vita
987 1120 1159 1173 spectari,
1185 1119 1250 1158 sed
1269 1133 1332 1157 su-

221 1173 407 1223 periorem
426 1173 543 1211 vitam
562 1187 609 1212 ex
628 1175 698 1213 hac
716 1188 755 1212 re
773 1174 992 1226 improbari,
1023 1181 1059 1213 et
1084 1181 1151 1211 aut
1169 1180 1332 1225 potesta-

222 1233 301 1263 tem
320 1233 407 1265 ante
424 1228 602 1278 peccandi
626 1241 703 1266 non
729 1228 856 1277 fuisse,
887 1235 953 1265 aut
979 1240 1156 1266 causam:
1188 1234 1268 1276 aut,
1300 1227 1331 1264 51

222 1277 303 1318 haec
321 1279 396 1318 dici
423 1293 500 1319 non
527 1289 717 1342 poterunt,
750 1282 952 1320 dicendum
983 1282 1053 1319 erit
1081 1281 1177 1319 illud
1208 1288 1330 1319 extre-

221 1345 346 1382 mum,
366 1346 443 1371 non
462 1347 539 1373 esse
557 1335 713 1384 mirum,
746 1336 776 1372 si
795 1348 896 1373 nunc
913 1336 1084 1386 primum
1102 1335 1327 1385 deliquerit.

219 1399 311 1424 nam
330 1400 477 1426 necesse
495 1396 563 1437 est,
585 1401 687 1437 eum,
719 1389 786 1439 qui
816 1389 905 1426 velit
929 1401 1094 1440 peccare,
1126 1387 1332 1440 aliquando

218 1440 389 1490 primum
408 1441 638 1492 delinquere.
679 1443 747 1481 Sin
773 1443 849 1479 vita
875 1450 962 1480 ante
980 1449 1062 1480 acta
1080 1441 1330 1492 ignorabitur,

220 1493 292 1531 hoc
309 1494 391 1532 loco
408 1495 610 1545 praeterito,
631 1503 681 1543 et,
703 1509 769 1533 cur
786 1503 1041 1546 praetereatur,
1061 1495 1329 1542 demonstrato,

220 1548 454 1597 argumentis
490 1549 763 1587 accusationem
800 1548 928 1587 statim
964 1548 1186 1587 confirmare
1221 1561 1331 1600 opor-

219 1600 324 1638 tebit.

272 1654 351 1692 XI.
382 1653 569 1693 Defensor
599 1663 726 1694 autem
753 1656 937 1706 primum,
958 1655 989 1693 si
1008 1654 1156 1706 poterit,
1178 1653 1330 1693 debebit

221 1706 338 1745 vitam
358 1709 452 1757 ejus,
474 1709 540 1759 qui
564 1709 860 1757 insimulabitur,
885 1721 1002 1759 quam
1026 1707 1328 1746 honestissimam

221 1760 488 1799 demonstrare.
530 1762 579 1799 Id
597 1763 719 1810 faciet,
741 1763 771 1800 si
796 1762 966 1800 ostendet
990 1761 1118 1812 aliqua
1140 1762 1221 1810 ejus
1240 1769 1330 1800 nota

222 1820 259 1851 et
285 1815 503 1852 communia
528 1815 674 1860 officia;
705 1815 808 1866 quod
832 1827 965 1866 genus,
993 1815 1032 1851 in
1057 1822 1244 1865 parentes,
1268 1827 1329 1852 co-

221 1875 368 1918 gnatos,
385 1868 538 1915 amicos,
554 1869 697 1917 affines,
714 1868 958 1907 necessarios:
981 1867 1095 1905 etiam
1109 1881 1195 1919 quae
1208 1868 1331 1919 magis

221 1933 306 1958 rara
324 1928 361 1958 et
378 1921 518 1959 eximia
536 1932 637 1970 sunt,
658 1922 690 1959 si
714 1924 762 1960 ab
786 1935 842 1969 eo,
863 1934 951 1959 cum
969 1933 1110 1972 magno
1128 1921 1256 1972 aliquo
1274 1922 1330 1959 la-

221 1976 312 2013 bore
329 1982 396 2012 aut
414 1975 594 2025 periculo,
615 1983 682 2013 aut
707 1976 869 2026 utraque
892 1988 946 2021 re,
967 1987 1055 2012 cum
1080 1987 1226 2013 necesse
1251 1987 1328 2013 non

221 2034 331 2076 esset,
351 2027 464 2066 officii
488 2029 613 2076 causa,
638 2036 704 2066 aut
728 2029 768 2066 in
794 2028 1082 2080 rempublicam,
1106 2034 1172 2066 aut
1197 2028 1236 2066 in
1261 2042 1329 2080 pa-

221 2088 360 2130 rentes,
380 2088 447 2119 aut
464 2081 504 2119 in
522 2082 669 2133 aliquos
688 2094 818 2120 eorum
837 2082 905 2133 qui
923 2081 1036 2120 modo
1051 2081 1211 2133 expositi
1225 2090 1327 2130 sunt,

220 2135 365 2173 factum
383 2135 528 2186 aliquid
547 2149 624 2174 esse
643 2136 759 2174 dicet:
784 2135 932 2183 deinde,
953 2135 983 2173 si
1002 2134 1097 2172 nihil
1111 2134 1325 2187 deliquisse,

215 2188 324 2227 nulla
339 2188 544 2240 cupiditate
557 2188 784 2241 impeditum
799 2191 846 2228 ab
861 2189 980 2228 officio
996 2188 1200 2227 recessisse:
1223 2189 1326 2240 quod
