1407 2308
210 70 287 111 DE
309 73 694 123 INVENTIONE,
716 68 813 112 Lm.
831 72 888 112 11.
910 73 1012 113 cm».
1029 73 1092 111 42.
1126 74 1201 112 103

99 177 339 217 collocasset:
369 193 459 218 nam
478 193 526 218 ex
543 181 602 219 his
622 180 803 219 sententia
821 180 1008 231 scriptoris
1033 179 1202 217 maxime

100 231 331 280 perspicitur.
361 232 523 280 Deinde,
544 246 620 285 quo
632 241 802 284 tempore
819 234 999 284 scriptum
1015 233 1075 280 sit,
1097 245 1201 283 quae-

100 283 260 321 rendum
279 293 347 332 est,
368 295 424 334 ut,
445 287 537 337 quid
556 300 643 324 eum
662 287 822 324 voluisse
840 287 880 324 in
900 285 1084 335 ejusmodi
1103 292 1199 322 tem-

100 347 189 385 pore
214 338 413 376 verisimsse
437 340 497 385 sit,
528 340 770 390 inteffigatur.
813 340 918 387 Post,
945 352 991 376 ex
1017 338 1201 375 delibera„

98 388 210 426 tionis
234 391 416 440 partibus,
437 393 530 443 quid
547 393 677 430 utilius
697 400 733 429 et
751 392 844 443 quid
861 391 1066 437 honestius,
1088 397 1124 428 et
1141 390 1199 427 illi

98 440 146 477 ad
174 443 426 492 scribendum,
456 453 492 483 et
518 445 576 482 his
609 445 657 482 ad
688 445 1010 495 comprobandum
1039 444 1103 495 sit,
1133 443 1198 480 de-

97 496 408 534 monstrandum:
439 506 475 536 et
494 511 540 535 ex
557 497 629 545 his,
651 498 680 535 si
700 498 792 549 quid
811 496 1112 548 amplificationis
1131 495 1197 533 da-

96 547 211 594 bitur,
241 551 505 588 communibus
524 558 700 602 utrosque
718 551 808 588 locis
826 550 883 587 uti
901 549 1097 600 oportebit.

150 599 288 639 XLII.
318 603 382 640 Ex
407 603 542 654 scripto
569 611 605 641 et
630 603 812 641 sententia
838 602 1084 640 controversia
1108 614 1196 639 con-

97 652 205 700 sistit,
222 667 310 692 cum
329 656 422 694 alter
436 657 555 694 verbis
569 657 672 707 ipsis,
693 670 778 707 quae
790 656 926 706 scripta
939 662 1040 702 sunt,
1060 655 1194 701 utitur,

97 705 190 743 alter
214 707 262 744 ad
288 708 340 755 id,
369 709 470 760 quod
497 710 713 759 scriptorem
739 709 892 747 sensisse
911 708 1021 754 dicet,
1041 719 1194 744 onmem

96 758 270 810 adjungit
297 761 509 800 dictionem.
554 762 750 812 Scriptoris
778 769 906 799 autem
936 760 1117 798 sententia
1147 761 1195 797 ab

95 822 152 858 eo,
182 813 248 862 qui
273 815 454 852 sententia
480 828 518 853 se
543 815 729 862 defendet,
749 822 833 853 tum
859 826 1004 864 semper
1027 813 1074 850 ad
1093 812 1195 850 idem

95 873 272 914 spectare,
293 873 329 904 et
346 867 447 905 idem
466 868 574 913 velle,
590 867 929 911 demonstrabitur3
959 873 1043 903 tum
1062 872 1128 903 aut
1147 878 1195 903 ex

96 917 207 966 facto,
225 926 290 956 aut
301 932 347 957 ex
362 928 497 958 eventu
511 921 653 972 aliquo,
667 921 715 958 ad
728 928 892 971 tempuS,
912 919 952 956 id
971 919 1072 969 quod
1086 918 1193 955 insti-

94 970 181 1018 tuit,
217 973 570 1011 accommodabitur.
613 975 770 1024 Semper
801 973 850 1011 ad
879 972 980 1011 idem
1013 979 1191 1021 spectare,

93 1023 164 1061 hoc
182 1024 319 1062 modo:
351 1026 640 1075 Paterfamilias,
670 1039 757 1064 cum
778 1026 985 1065 liberorum
1009 1024 1106 1061 nihil
1125 1023 1193 1060 ha-

92 1077 209 1124 beret,
248 1090 406 1116 uxorem
443 1088 570 1117 autem
605 1080 772 1126 haberet,
810 1080 850 1116 in
886 1084 1108 1115 testamento
1141 1077 1194 1113 ita

93 1130 262 1180 scripsit;
294 1133 323 1152 “
339 1132 380 1169 Si
397 1133 492 1170 mihi
510 1133 610 1170 filius
633 1133 781 1183 genitus
806 1144 920 1178 unus,
945 1131 1132 1181 pluresve,
1161 1129 1193 1166 is

92 1183 189 1220 mihi
218 1183 335 1222 haeres
364 1192 442 1223 esto
456 1186 495 1222 :’'
524 1186 672 1233 deinde,
702 1198 788 1236 quae
819 1184 992 1223 assolent.
1040 1183 1190 1229 Postea,

94 1236 123 1257 “
139 1236 180 1274 Si
199 1235 299 1274 filius
317 1245 403 1275 ante
427 1239 601 1286 moritur,
629 1251 745 1290 quam
764 1238 805 1275 in
823 1237 981 1275 tutelam
1000 1247 1107 1273 suam
1128 1247 1192 1271 ve-

91 1289 202 1336 nerit,
232 1296 273 1327 tu
301 1290 439 1339 mihi,”
469 1291 628 1340 dicebat,
659 1293 687 1314 “
711 1291 896 1329 secundus
924 1290 1041 1329 haeres
1072 1287 1190 1325 esto.’'¹

92 1341 214 1380 Filius
231 1354 308 1380 non
327 1351 382 1381 est
398 1351 521 1382 natus.
568 1344 787 1394 Ambigunt
809 1342 936 1393 agnati
954 1354 1042 1379 cum
1062 1353 1105 1378 eo
1124 1340 1192 1390 qui

91 1401 146 1432 est
163 1395 294 1444 haeres,
320 1396 351 1433 si
369 1397 469 1435 filius
488 1404 588 1446 ante,
615 1410 732 1448 quam
749 1397 790 1434 in
815 1409 924 1434 suam
949 1394 1109 1432 tutelam
1127 1405 1192 1429 ve-

91 1448 185 1496 niat,
213 1456 384 1486 mortuus
413 1451 472 1488 sit.
519 1450 569 1488 In
596 1450 668 1488 hoc
697 1462 830 1500 genere
862 1460 939 1486 non
970 1453 1092 1497 potest
1120 1445 1192 1482 hoc

91 1500 180 1548 dici,
209 1501 256 1538 ad
281 1509 444 1553 tempus,
473 1510 539 1541 aut
563 1503 612 1541 ad
639 1510 816 1541 eventum
842 1502 1022 1552 aliquem,
1043 1505 1192 1537 senten-

91 1554 184 1591 tiam
226 1555 412 1605 scriptoris
451 1563 619 1607 oportere
656 1555 942 1600 accommodari,
980 1559 1190 1603 propterea,

91 1607 193 1658 quod
212 1620 255 1645 ea
278 1609 357 1646 sola
375 1609 663 1657 demonstratur,
688 1609 766 1660 qua
784 1608 901 1645 fretus
919 1607 996 1654 ille,
1017 1605 1085 1656 qui
1104 1616 1192 1641 con-

90 1667 149 1697 tra
167 1661 348 1711 scriptum
373 1661 476 1710 dicit,
505 1675 613 1700 suam
639 1675 716 1699 esse
734 1660 988 1698 haereditatem
1010 1656 1190 1695 defendit.

89 1713 270 1751 Alterum
285 1722 414 1752 autem
432 1728 550 1766 genus
568 1723 622 1753 est
640 1727 784 1762 eorum,
805 1714 872 1765 qui
891 1712 1114 1751 sententiam
1132 1710 1192 1746 in-

90 1766 259 1812 ducunt;
287 1768 328 1804 in
350 1781 426 1819 quo
454 1781 530 1806 non
557 1768 718 1819 simplex
737 1768 908 1805 voluntas
927 1763 1114 1815 scriptoris
1133 1775 1192 1799 os-

91 1819 270 1868 tenditur,
299 1834 385 1872 quae
409 1822 448 1858 in
474 1834 585 1860 omne
611 1828 761 1872 tempus
787 1827 823 1857 et
846 1820 886 1857 in
913 1830 1024 1856 omne
1046 1817 1192 1854 factum

91 1872 193 1910 idem
221 1874 366 1919 valeat;
398 1875 462 1912 sed
492 1888 539 1912 ex
568 1875 734 1925 quodam
761 1873 859 1911 facto
887 1878 953 1909 aut
979 1877 1114 1908 eventu
1143 1867 1191 1904 ad

91 1931 241 1976 tempus
271 1927 548 1977 interpretanda
578 1928 724 1965 dicitur.
768 1926 829 1964 Ea
859 1924 1030 1976 partibus
1056 1920 1195 1980 juridi-

92 1978 196 2016 cialis
214 1981 428 2019 assumtivae
445 1981 612 2020 maxime
631 1981 845 2018 sustinetur.
893 1978 1000 2015 Nam
1026 1983 1109 2012 tum
1134 1984 1194 2034 inf

92 2030 242 2069 ducitur
260 2034 502 2084 comparatio,
522 2041 566 2071 ut
583 2034 623 2071 in
644 2046 747 2082 eum,
767 2032 848 2083 qui,
869 2043 957 2069 cum
975 2030 1037 2066 lex
1057 2037 1192 2076 aperm

91 2091 218 2134 portas
245 2094 358 2124 noctu
388 2094 542 2134 vetaret,
573 2087 719 2138 aperuit
748 2085 914 2137 quodam
942 2083 982 2119 in
1010 2080 1124 2138 bello,
1156 2084 1193 2114 et

91 2137 233 2176 auxilia
251 2140 425 2191 quaedam
443 2140 484 2179 in
502 2140 687 2192 oppidum
711 2138 863 2190 recepit,
890 2149 937 2176 ne
955 2137 1003 2174 ab
1022 2133 1193 2173 hostibus
