1429 2344
168 66 242 104 186
323 65 400 105 DE
430 65 725 115 ORATORE,
746 65 842 104 Lm.
862 66 896 104 Ι.
917 65 1021 104 ΟΑΡ.
1039 66 1105 104 60.

171 174 337 211 trionum
350 186 454 212 more
467 175 667 212 elaborare.
688 173 795 222 Quid
807 182 862 213 est
872 174 1009 212 oratmi
1020 180 1099 211 tam
1111 186 1278 212 necessa-

171 226 287 275 rium,
309 240 425 278 quarn
444 230 549 266 vox?
578 235 720 275 tamen,
740 239 803 266 me
821 235 985 275 auctore,
1002 240 1114 266 nemo
1128 227 1277 265 dicendi

173 280 375 328 studiosus,
400 280 620 319 Graecorum
639 294 744 319 more
760 288 800 330 >et
816 281 1084 332 tragoedorum,
1104 281 1186 319 voci
1205 294 1281 319 ser-

175 334 265 382 viet,
286 334 353 384 qui
372 341 408 372 et
426 347 543 372 annos
562 335 774 386 complures
793 335 960 372 sedentes
973 334 1230 381 declamitant,
1245 341 1282 371 et

175 388 358 439 quotidie,
372 395 577 439 antequam
591 388 849 439 pronuntient,
865 400 994 426 vocem
1007 389 1185 426 cubantes
1198 400 1282 426 sen-

177 440 443 490 sim'excitant,
465 442 728 493 eamdemque,
749 455 837 479 cum
851 449 1021 492 egerunt,
1042 441 1210 480 sedentes
1236 443 1284 478 ab

175 495 392 533 acutissimo
418 508 509 533 sono
527 509 648 547 usque
673 495 721 533 ad
745 495 1011 546 gravissimum
1037 508 1174 533 sonum
1192 495 1285 532 reci-

176 548 302 599 piunt,
323 556 359 586 et
378 549 486 600 quasi
505 550 672 600 quodam
696 549 810 587 modo
829 549 1024 599 colligunt.
1055 549 1142 586 Hoc
1167 561 1234 587 nos
1254 548 1285 586 si

177 601 299 640 facere
317 603 492 650 velimus,
508 611 595 641 ante
609 603 906 641 condemnentur
919 602 960 649 ii,
977 614 1143 653 quorum
1157 615 1286 640 causas

176 656 440 706 receperimus,
458 670 575 707 quam
593 657 715 704 toties,
736 656 881 707 quoties
898 655 1165 706 praescribitur,
1185 669 1286 706 paea-

177 721 267 747 nem
290 717 356 747 aut
378 708 640 762 [munionem]
662 710 868 748 citarimus.
898 709 1015 756 Quod
1040 709 1072 746 si
1095 709 1135 746 in
1162 715 1285 760 gestu,

179 763 247 814 qui
264 764 434 801 multum
459 771 645 802 oratorem
663 764 834 812 adjuvat,
858 770 896 802 et
918 763 959 800 in
982 775 1084 811 voce,
1105 776 1191 814 quae
1209 775 1288 800 una

179 817 348 855 maxime
380 817 635 868 eloquentiam
662 818 722 855 vel
753 817 994 856 commendat
1023 817 1083 855 vel
1114 816 1287 864 sustinet,

180 871 370 908 elaborare
398 872 506 909 nobis
535 884 611 909 non
643 871 755 917 licet3
796 884 839 909 ac
871 878 1022 909 tantum
1053 870 1095 908 in
1126 878 1289 921 utroque

179 924 328 975 assequi
352 938 566 975 possumus,
591 932 794 976 quantum,
814 925 855 962 in
879 925 951 962 hac
976 924 1054 962 acie
1079 923 1290 975 quotidiani

129 1023 133 1025 Α
160 978 362 1024 'muneris,
391 979 502 1029 spatii
529 979 637 1017 nobis
664 978 800 1024 datur3
831 985 974 1029 quanto
1001 978 1130 1015 minus
1157 985 1212 1015 est
1239 977 1289 1015 ad

177 1031 274 1080 juris
287 1031 405 1070 civilis
416 1032 649 1083 perdiscendi
660 1033 943 1083 occupationem
955 1031 1258 1069 descendendum
1270 1033 1287 1069 Ρ

180 1085 284 1136 quod
309 1092 345 1123 et
371 1086 592 1124 summatim
619 1086 761 1137 percipi
786 1086 865 1124 sine
893 1085 1063 1124 doctrina
1089 1092 1225 1136 potest,
1253 1092 1291 1122 et

142 1138 279 1188 :gihanc
296 1139 412 1177 habet
429 1141 476 1177 ab
496 1140 570 1179 illis
589 1141 700 1178 rebus
719 1139 1080 1187 dissimilitudinem,
1097 1139 1200 1190 quod
1214 1151 1289 1176 vox

162 1200 218 1238 *et
236 1200 364 1243 gestus
383 1194 507 1232 subito
526 1194 639 1242 sumi,
660 1201 696 1231 et
722 1193 875 1231 aliunde
894 1193 1023 1244 arripi,
1043 1205 1120 1231 non
1138 1200 1286 1243 potest3

166 1259 169 1261 ·
177 1246 274 1295 juris
293 1247 450 1296 utilitas,
467 1247 515 1285 ad
534 1260 726 1298 quamque
745 1260 912 1295 causam,
928 1247 1103 1298 quamvis
1121 1254 1288 1297 repente,

182 1300 243 1337 vel
262 1314 285 1337 a
303 1301 431 1350 peritis
450 1302 510 1339 vel
528 1301 575 1339 de
591 1301 698 1339 libris
716 1301 888 1352 depromi
905 1307 1038 1352 potest.
1078 1300 1215 1351 Itaque
1233 1300 1291 1337 illi

181 1351 414 1395 disertissimi
431 1354 604 1393 homines
621 1355 812 1393 ministros
830 1355 972 1393 habent
992 1355 1033 1392 in
1052 1354 1172 1392 causis
1194 1354 1291 1403 juris

180 1407 334 1458 peritos,
354 1421 443 1446 cum
461 1409 535 1459 ipsi
553 1409 628 1447 sint
645 1409 930 1459 imperitissimi,
948 1415 985 1446 et
1002 1408 1070 1459 qui
1089 1410 1150 1451 (ut
1167 1409 1234 1447 abs
1253 1414 1291 1445 te

181 1461 297 1511 paulo
316 1469 403 1500 ante
422 1462 566 1500 dictum
591 1470 661 1511 est)
681 1463 905 1514 pragmatici
923 1468 1115 1500 vocantur.
1145 1461 1195 1499 In
1213 1474 1291 1512 quo

181 1515 299 1559 nostri
317 1516 472 1554 omnino
489 1517 626 1556 melius
644 1517 781 1565 multo,
795 1516 899 1568 quod.
912 1515 1206 1554 clarissimorum
1219 1515 1289 1554 ho-

182 1568 334 1659 ?inum
352 1570 571 1609 auctoritate
588 1571 689 1621 leges
707 1578 744 1609 et
759 1572 848 1620 jura
866 1578 962 1608 tecta
981 1583 1059 1608 esse
1077 1569 1289 1608 voluerunt.

211 1621 258 1659 ed
277 1629 405 1661 tamen
430 1636 507 1662 non
531 1624 689 1675 fugisset
706 1623 778 1663 hoc
797 1624 949 1662 Graecos
973 1623 1160 1671 homines,
1181 1623 1213 1660 si
1236 1622 1290 1660 ita

181 1686 329 1714 necesse
347 1690 424 1715 esse
446 1678 616 1716 arbitrati
640 1685 761 1716 essent
785 1685 971 1716 oratorem
995 1677 1123 1728 ipsum
1143 1676 1291 1714 erudire

180 1728 221 1767 in
237 1730 323 1778 jure
341 1731 455 1778 civili,
475 1744 552 1769 non
571 1732 605 1769 ei
623 1732 900 1782 pragmaticum
919 1731 1132 1780 adjutorem
1150 1730 1252 1768 dare.

238 1783 329 1821 LX.
352 1785 472 1832 Nam,
499 1785 602 1836 quod
626 1785 719 1828 dicis
745 1787 773 1809 ‘ss‘
786 1791 1013 1824 senectutem
1037 1797 1060 1822 a
1087 1784 1290 1822 solitudine

179 1835 362 1874 vindicari
373 1839 468 1886 juris
479 1839 597 1877 civilis
609 1838 763 1877 scientia
772 1840 814 1885 ;”
829 1838 984 1876 fortasse
996 1838 1109 1875 etiam
1121 1838 1292 1889 pecuniae

180 1890 455 1941 magnitudine,
485 1893 560 1931 Sed
578 1905 660 1941 nos,
680 1905 757 1930 non
783 1892 876 1944 quid
903 1891 1010 1930 nobis
1028 1891 1136 1939 utile,
1156 1904 1291 1929 verum

179 1944 273 1994 quid
287 1945 424 1983 oratori
438 1947 687 1990 necessarium
702 1946 763 1993 sit,
780 1946 1009 1997 quaerimus:
1035 1958 1286 1996 quamquam,

179 1998 363 2048 quoniam
380 2000 505 2038 multa
523 2001 572 2041 ad
589 2000 744 2038 oratoris
763 1999 1051 2038 similitudinem
1070 2001 1118 2037 ab
1137 2011 1215 2037 uno
1229 2011 1290 2036 ar-

179 2051 279 2089 tifice
306 2053 507 2101 sumimus,
538 2055 632 2092 solet
657 2054 759 2092 idem
789 2053 949 2094 Roscius
977 2053 1113 2101 dicere,
1139 2066 1192 2101 se,
1213 2065 1291 2104 quo

178 2105 266 2154 plus
280 2105 351 2143 sibi
370 2107 487 2145 aetatis
503 2109 705 2156 accederet,
719 2121 762 2147 eo
777 2107 955 2146 tardiores
967 2107 1130 2146 tibicinis
1141 2106 1288 2154 modos,

176 2165 215 2201 et
240 2166 372 2199 cantus
398 2161 638 2211 remissiores,
667 2175 744 2201 esse
767 2161 970 2200 facturum.
1010 2160 1128 2209 Quod
1153 2159 1184 2198 si
1212 2159 1289 2207 ille,
