1407 2308
268 73 346 116 DE
365 73 661 123 οΒΑΤοΒΕ,
688 48 1051 113 1113181348.
1138 75 1213 119 173

111 180 194 230 tibi,
215 179 362 230 Crasse,
380 181 592 230 succedam,
612 181 649 218 id
665 194 727 220 me
744 193 846 220 nunc
864 181 925 219 isti
944 180 1060 220 vitare
1073 192 1149 219 non
1169 181 1220 218 si-

110 241 221 274 nunt.
249 234 398 273 Verum
415 234 487 273 hoc
500 235 688 285 ingrediar
706 235 755 272 ad
774 248 830 283 ea,
851 248 936 285 quae
954 235 1081 282 vultis,
1102 233 1221 272 auda-

112 288 208 335 cius,
239 287 342 339 quod.
359 287 462 326 idem
480 289 576 326 mihi
604 301 711 339 spero
739 302 811 326 usu
839 301 917 326 esse
946 295 1149 327 venturum
1178 288 1219 325 in

113 341 184 380 hac
202 340 469 392 disputatione,
490 342 592 393 quod
610 342 649 379 in
669 342 824 379 dicendo
839 342 945 388 solet,
965 349 1009 378 ut
1027 342 1135 379 nulla
1153 353 1220 378 ex-

114 401 300 446 spectetur
313 403 445 433 ornata
463 395 602 433 oratio:
625 408 747 445 neque
763 396 863 433 enim
876 407 960 432 sum
980 395 1026 432 de
1045 403 1122 442 arte
1142 394 1219 432 dic-

113 455 236 496 turus,
256 460 373 498 quam
390 460 589 499 nunquam
608 448 735 496 didici,
763 449 827 486 sed
846 448 892 485 de
917 448 1003 485 mea
1021 455 1220 486 consuetu-

114 500 230 547 dine3
250 501 406 552 ipsaque
423 502 503 549 ina,
525 515 610 553 quae
624 502 663 538 in
682 501 995 539 commentarium
1014 514 1144 539 meum
1164 514 1222 538 re-

114 555 202 601 tuli,
219 561 308 592 sunt
321 555 520 603 ejusmodi,
537 568 612 593 non
631 555 759 606 aliqua
774 555 868 592 mihi
883 554 1053 592 doctrina
1071 554 1222 601 tradita,

114 607 208 647 sed
198 620 239 645 111
256 621 384 646 18111111
402 621 473 646 11311
501 609 695 660 causisque
725 616 905 646 tractata:
938 621 1024 659 quae
1044 608 1074 645 si
1102 607 1222 655 vobis,

113 660 333 699 hominibus
360 662 634 709 eruditissimis,
661 674 737 699 non
756 663 1031 713 probabuntur,
1061 668 1223 698 vestram

114 714 356 765 iniquitatem
374 722 596 762 accusatote,
613 715 680 766 qui
695 728 741 752 ex
755 728 817 753 me
832 728 875 753 ea
889 714 1121 765 quaesieritis,
1138 727 1225 764 quae

117 780 187 817 ego
205 767 411 814 nescirem3
440 781 566 806 meam
584 769 802 806 facilitatem
821 768 1025 815 laudatote,
1052 780 1141 805 cum
1160 779 1226 805 vo-

115 821 188 869 bis,
208 833 285 859 non
305 833 391 858 meo
415 821 557 870 judicio
577 822 640 859 sed
659 829 780 859 vestro
798 821 922 859 studio
940 821 1130 868 inductus,
1146 833 1224 858 non

117 881 270 924 gravate
288 874 523 924 respondero.
553 874 659 912 Tum
680 874 849 922 Crassus,
874 875 995 924 Perge
1013 873 1140 921 modo,
1164 874 1225 910 in-

117 926 215 978 quit,
234 927 409 966 Antoni:
436 928 588 965 nullum
607 935 662 966 est
684 928 785 965 enim
814 927 1039 978 periculum,
1065 939 1113 964 ne
1132 926 1226 977 quid

116 986 160 1018 tu
179 980 368 1031 eloquare,
383 980 456 1019 11131
473 981 527 1018 ita
544 981 762 1032 prudenter,
782 989 826 1018 ut
844 981 1036 1019 neminem
1054 983 1225 1019 nostrum

117 1033 296 1084 poenioeat
313 1033 362 1072 ad
379 1034 482 1073 hune
500 1041 539 1072 te
556 1047 767 1073 sermonem
786 1034 993 1085 impulisse.

170 1086 258 1137 Ego
276 1099 378 1135 vero,
396 1087 536 1138 inquit,
555 1101 737 1138 pergam:
769 1095 806 1125 et
823 1087 863 1125 id
881 1087 1032 1135 faciam,
1062 1086 1165 1138 quod
1183 1087 1223 1124 in

117 1139 302 1191 principio
329 1141 411 1179 fieri
438 1141 480 1179 in
509 1142 686 1179 omnibus
714 1141 1030 1192 disputationibus
1059 1148 1229 1191 oportere

117 1205 263 1242 censeo,
294 1200 352 1242 ut,
372 1194 465 1245 quid
483 1194 580 1232 illud
598 1195 659 1243 sit,
680 1194 726 1232 de
744 1208 821 1246 quo
840 1194 1068 1255 disputetur,
1092 1194 1227 1254 expla-

117 1253 257 1293 netum
288 1259 337 1285 ne
354 1247 483 1298 vagari
510 1255 547 1286 et
564 1261 685 1287 errare
708 1255 863 1299 cogatur
880 1248 1011 1294 oratio,
1041 1247 1072 1285 si
1090 1247 1130 1294 ii,
1161 1247 1228 1297 qui

118 1299 217 1339 inter
242 1313 281 1339 se
307 1300 561 1349 dissenserint,
594 1314 670 1339 non
699 1302 802 1339 idem
830 1314 907 1340 esse
931 1301 1042 1348 illud,
1076 1313 1152 1351 quo
1180 1300 1228 1338 de

118 1353 258 1403 agitur,
287 1353 512 1404 intelligant.
555 1355 675 1403 Nam,
706 1355 737 1392 si
756 1355 850 1392 forte
869 1361 1112 1405 quaereretur,
1142 1366 1229 1403 quae

120 1413 216 1444 esset
228 1419 288 1444 ars
306 1407 555 1458 imperatoris,
576 1408 880 1446 constituendum
899 1414 1072 1458 putarem
1086 1406 1226 1457 princi-

120 1459 198 1510 pio,
219 1459 304 1510 quis
319 1467 413 1498 esset
433 1460 636 1511 imperator
653 1475 662 1498 :
685 1461 752 1512 qui
770 1473 858 1499 cum
885 1467 979 1498 esset
1004 1459 1227 1498 constitutus

120 1512 400 1550 administrator
424 1514 582 1564 quidam
599 1514 690 1552 belli
707 1514 875 1565 gerendi,
902 1521 986 1551 tum
1005 1513 1228 1562 adjungere-

120 1577 209 1605 mus
226 1565 273 1603 de
291 1566 471 1614 exercitu,
492 1567 540 1605 de
565 1567 706 1614 castris,
727 1567 774 1605 (18
788 1567 1018 1617 agminibus
1038 1566 1085 1604 de
1103 1566 1228 1616 signo-

121 1631 209 1656 rum
238 1619 514 1667 collationibus,
540 1619 587 1658 de
615 1621 842 1672 oppidorum
869 1620 1228 1671 oppugnationibus,

120 1671 170 1710 de
187 1679 414 1720 commeatu,
434 1673 481 1712 de
498 1673 642 1712 insidiis
657 1674 835 1712 faciendis
853 1681 967 1724 atque
986 1672 1161 1719 vitandis,
1182 1671 1230 1710 de

119 1725 276 1776 reliquis
293 1727 418 1774 rebus,
439 1739 525 1786 quae
539 1734 661 1766 essent
677 1727 838 1788 propriae
855 1727 946 1765 belli
963 1726 1229 1764 administran-

120 1777 187 1823 di;
218 1791 383 1830 quarum
400 1780 469 1831 qui
495 1788 616 1818 essent
639 1781 766 1819 animo
791 1787 828 1818 et
854 1780 1008 1818 scientia
1025 1786 1230 1829 compotes,

121 1843 185 1870 eos
213 1844 291 1870 esse
320 1831 563 1883 imperatores
588 1833 780 1879 dicerem,
815 1840 1014 1884 utererque
1046 1831 1230 1882 exemplis

120 1884 394 1923 Africanorum
413 1893 450 1924 et
474 1886 764 1932 Maximorum;
785 1885 1094 1937 Epaminondam
1116 1892 1230 1935 atque

122 1936 398 1987 Hannibalem,
431 1946 545 1990 atque
572 1941 653 1989 ejus
679 1940 824 1990 generis
842 1939 1026 1986 11011111183,
1056 1937 1231 1975 nomina-

121 2001 214 2030 rem.
244 1991 312 2030 Sin
330 1999 459 2030 autem
488 2006 755 2044 quaereremus,
776 1993 861 2044 quis
881 2000 974 2030 esset
992 1992 1038 2051 13,
1070 1990 1150 2041 qui,
1180 1989 1231 2027 ad

122 2044 396 2094 rempublicam
413 2046 697 2095 moderandam,
713 2059 826 2085 usum
842 2053 879 2084 et
893 2045 1085 2083 scientiam
1100 2051 1137 2081 et
1150 2050 1230 2081 stu-

121 2095 234 2135 dium
251 2110 365 2137 suum
395 2099 626 2147 contulisset,
657 2099 854 2138 definirem
881 2099 953 2136 hoc
979 2096 1119 2135 modo:
1148 2095 1230 2146 qui,

121 2149 263 2199 quibus
279 2152 392 2191 rebus
411 2152 555 2193 utilitas
569 2153 784 2204 reipublicae
804 2158 999 2204 pararetur
1019 2156 1235 2200 augeretur-

842 2216 870 2245 α
889 2205 913 2241 3
