1429 2344
174 46 250 83 152
319 43 396 83 DE
427 43 721 91 ORATORE,
754 43 851 81 Lm.
875 42 907 81 Ι.
940 43 1042 82 ΟΑΡ.
1066 44 1128 81 28.

168 154 256 191 dem
275 152 329 190 rei
347 164 437 190 cum
457 165 610 190 causam
625 163 847 203 quaererem,
868 150 1052 202 quidnam
1068 158 1176 198 esset,
1197 165 1278 202 cur,

168 216 212 245 ut
230 207 270 244 in
290 219 443 257 quoque
461 213 606 244 oratore
625 205 836 256 plurimum
855 213 963 253 esset,
984 205 1038 243 ita
1055 205 1223 244 maxime
1247 206 1280 245 is

167 260 458 311 pertimesceret,
486 260 554 297 has
578 273 711 297 causas
735 258 973 297 inveniebam
993 259 1111 297 duas:
1142 271 1276 310 unam,

166 314 270 364 quod
295 314 547 364 intelligerent
572 314 612 362 ii,
634 326 728 364 quos
748 326 838 350 usus
860 326 904 350 ac
921 320 1058 351 natura
1077 313 1276 362 docuisset,

166 380 448 418 nonnunquam
479 367 638 405 summis
668 366 878 405 oratoribus
904 379 980 405 non
1006 367 1094 405 satis
1121 380 1168 405 ex
1193 380 1278 405 sen-

165 422 284 459 tentia
309 429 487 458 eventum
513 421 662 459 dicendi
687 420 909 472 procedere:
939 420 994 458 ita
1017 433 1094 459 non
1119 421 1276 470 injuria,

163 475 476 526 quotiescumque
506 475 684 521 dicerent,
713 474 767 522 id,
797 474 901 525 quod
919 474 1124 525 aliquando
1153 482 1278 525 posset

165 529 344 575 accidere,
374 541 422 566 ne
447 535 533 566 turn
557 529 753 575 accideret,
770 528 914 566 timere.
954 528 1092 566 Altera
1111 536 1166 566 est
1179 529 1274 577 haec,

162 582 210 620 de
225 582 304 633 qua
322 582 430 633 queri
444 595 542 633 saepe
557 583 656 620 soleo
671 596 682 627 ς
704 589 925 620 caeterarum
942 581 1116 620 homines
1134 582 1275 621 artium

163 636 319 687 spectati
338 643 375 674 et
392 636 555 687 probati,
576 636 606 673 si
625 636 778 687 quando
797 635 942 686 aliquid
960 635 1088 674 minus
1106 637 1202 674 bene
1220 636 1276 674 fe-

161 696 306 736 cerunt,
337 703 455 741 quam
485 691 619 737 solent,
653 698 720 727 aut
748 689 927 738 noluisse,
960 696 1028 727 aut
1060 689 1276 729 valetudine

160 743 334 794 impediti
352 756 429 781 non
448 744 627 795 potuisse,
649 743 828 795 consequi
845 743 886 780 id
911 743 1014 794 quod
1033 743 1182 791 scirent,
1202 757 1276 794 pu-

160 805 314 836 tantur:
344 798 481 845 noluit,
510 798 705 848 inquiunt,
725 797 837 835 hodie
855 810 965 848 agere
984 797 1171 843 Roscius3
1192 804 1274 846 aut,

159 851 310 890 crudior
328 851 425 889 fuit:
448 852 604 889 oratoris
622 858 833 902 peccatum,
854 851 886 889 si
905 851 1009 903 quod
1027 858 1083 889 est
1100 851 1274 889 annnad-

159 917 326 953 versum,
347 905 517 943 stultitiae
535 913 733 956 peccatum
753 905 912 944 videtur.
956 905 1126 944 Stultitia
1143 912 1274 943 autem

158 959 439 997 excusationem
470 972 548 997 non
580 959 719 1005 habet3
751 959 842 1010 quia
869 971 983 997 nemo
1014 959 1176 1007 videtur,
1206 966 1275 997 aut

157 1013 250 1063 quia
281 1013 420 1051 crudus
452 1013 579 1061 fuerit,
607 1020 674 1050 aut
701 1013 805 1064 quod
831 1012 885 1050 ita
909 1012 1103 1061 maluerit,
1133 1013 1272 1052 stultus

157 1067 285 1105 fuisse.
316 1066 407 1114 Quo
426 1067 542 1105 etiam
561 1067 712 1116 gravius
728 1066 918 1115 judicium
936 1066 977 1103 in
997 1066 1155 1104 dicendo
1181 1068 1272 1104 sub-

157 1120 270 1159 imus.
306 1120 467 1169 Quoties
486 1121 588 1158 enim
603 1121 778 1169 dicimus,
799 1120 908 1158 toties
927 1120 974 1158 de
993 1120 1101 1158 nobis
1123 1120 1270 1169 judica-

158 1182 243 1212 tur:
275 1181 325 1221 et,
355 1175 423 1225 qui
441 1175 557 1212 semel
581 1174 622 1211 ‘m
647 1183 754 1225 gestu
780 1174 962 1225 peccavit,
989 1186 1066 1212 non
1092 1174 1272 1212 continuo

156 1228 396 1266 existimatur
414 1228 555 1266 nescire
573 1236 722 1278 gestum
737 1242 748 1273 3
779 1229 887 1276 cujus
906 1234 1035 1265 autem
1053 1227 1093 1265 in
1112 1227 1271 1266 dicendo

156 1282 302 1333 aliquid
320 1283 593 1342 reprehensum
610 1288 677 1329 est,
698 1289 766 1319 aut
785 1289 925 1320 aeterna
942 1281 983 1319 in
1002 1295 1059 1330 eo,
1086 1288 1154 1320 aut
1172 1288 1271 1321 certe

156 1335 351 1381 diuturna,
372 1337 473 1374 valet
491 1336 619 1386 opinio
639 1335 840 1373 tarditatis.

209 1389 419 1427 XXVIII.
450 1389 555 1427 Illud
575 1402 675 1437 vero,
693 1389 808 1450 quod
825 1403 849 1427 a
865 1395 904 1427 te
922 1388 1068 1427 dictum
1094 1395 1163 1438 est,
1190 1401 1270 1430 esse

153 1444 358 1494 permulta,
388 1457 476 1495 quae
507 1450 631 1481 orator
663 1443 737 1480 nisi
767 1456 791 1481 a
822 1443 960 1481 natura
991 1443 1160 1492 haberet,
1189 1455 1266 1482 non

153 1498 324 1535 multum
338 1511 361 1535 a
374 1497 556 1557 magistro
575 1497 832 1546 adjuvaretur,
852 1497 962 1535 valde
976 1496 1046 1535 tibi
1060 1497 1264 1535 assentior·
1252 1526 1265 1544 ‚

151 1550 271 1602 inque
300 1563 344 1588 eo
369 1552 430 1589 vel
454 1551 623 1589 maxime
648 1550 807 1602 probavi
832 1563 1030 1588 summum
1047 1550 1159 1592 illum
1178 1550 1266 1589 doc-

153 1610 288 1652 torem,
317 1605 629 1642 Alabandensem
652 1604 922 1655 Apollonium,
950 1605 1032 1656 qui,
1059 1617 1148 1642 cum
1166 1617 1266 1642 mer-

151 1657 241 1696 cede
265 1658 426 1706 doceret,
455 1665 584 1696 tamen
610 1671 687 1695 non
713 1659 928 1708 patiebatur
952 1671 1028 1706 eos,
1050 1670 1145 1708 quos
1160 1658 1265 1707 judi-

149 1713 261 1749 cabat
278 1724 355 1749 non
374 1725 481 1762 posse
500 1719 662 1750 oratores
681 1712 852 1760 evadere,
876 1724 1031 1762 operam
1056 1711 1160 1762 apud
1184 1724 1266 1750 sese

150 1766 305 1815 perdere
319 1779 330 1810 ;
352 1766 642 1816 dimittebatque
655 1779 667 1811 ς
689 1772 727 1802 et
739 1765 788 1802 ad
802 1777 920 1816 quam
934 1777 1127 1816 quemque
1144 1771 1265 1803 artem

149 1821 310 1870 putabat
335 1832 413 1857 esse
435 1826 584 1869 aptum,
605 1818 653 1856 ad
673 1832 757 1856 eam
775 1818 971 1869 impellere
988 1825 1103 1869 atque
1120 1818 1264 1856 hortari

148 1873 304 1910 solebat.
347 1873 446 1911 Satis
461 1879 516 1910 est
531 1873 632 1910 enim
651 1872 793 1910 caeteris
812 1871 977 1910 artificiis
996 1871 1262 1922 percipiendis,

149 1926 415 1972 tantummodo
435 1926 598 1964 similem
617 1939 696 1963 esse
713 1926 904 1971 hominis;
935 1932 972 1963 et
990 1925 1044 1972 id,
1064 1925 1169 1976 quod
1187 1932 1264 1963 tra-

149 1979 275 2027 datur,
297 1980 373 2023 (vel
392 1979 507 2018 etiam
524 1980 747 2027 inculcetur,
768 1979 799 2017 si
818 1979 904 2030 quis
921 1979 1017 2017 forte
1036 1978 1084 2016 sit
1102 1979 1262 2026 tardior)

147 2046 255 2083 posse
274 2033 463 2084 percipere
481 2033 624 2081 animo,
652 2040 689 2071 et
716 2032 900 2071 memoria
925 2032 1122 2071 custodire.
1165 2033 1259 2071 Non

148 2087 331 2137 quaeritur
357 2087 546 2126 mobilitas
573 2087 729 2137 linguae,
756 2099 832 2125 non
859 2086 1024 2125 celeritas
1043 2088 1259 2134 verborum,

147 2152 223 2179 non
253 2141 416 2193 denique
443 2154 499 2191 ea,
527 2154 612 2193 quae
639 2141 747 2181 nobis
772 2153 850 2182 non
875 2153 1078 2193 possumus
1103 2139 1259 2191 fingere,
