1407 2308
251 344 330 395 M.
368 343 624 396 TULLIl
665 342 1078 395 CICERONIS

632 477 692 505 AD

328 573 644 632 QUINTUM
681 573 993 620 FRATREM

262 690 733 740 DIALOGI
799 687 1064 738 TRES

632 817 694 847 DE

375 914 944 975 ORATORE.

585 1091 733 1123 -ο-

201 1218 510 1269 DIALOGUS‚
541 1220 646 1261 SEU
675 1220 866 1269 LIBER,
896 1219 1125 1259 PRIMUS.

163 1325 197 1363 Ι.
219 1325 488 1366 Commu-11
508 1328 604 1366 mihi
619 1340 889 1379 saepenumero,
905 1334 941 1365 et
955 1324 1138 1364 memoria
1154 1337 1216 1363 ve-

108 1384 189 1416 tera
202 1380 398 1430 repetenti,
412 1382 579 1431 perbeati
592 1382 720 1428 fuisse,
734 1381 879 1428 Quinte
891 1381 1017 1427 frater,
1031 1379 1087 1415 illi
1099 1378 1217 1416 videri

108 1432 242 1481 solent,
262 1433 330 1483 qui
347 1433 388 1470 in
406 1434 552 1485 optima
570 1435 776 1486 republica,
796 1446 884 1471 cum
904 1440 942 1471 et
958 1432 1163 1470 honoribus
1178 1439 1216 1469 et

108 1496 235 1522 rerum
260 1492 451 1536 gestarum
477 1487 598 1537 gloria
622 1487 810 1534 florerent,
837 1499 924 1524 eum
951 1486 1037 1523 vitae
1062 1497 1215 1523 cursum

108 1543 233 1576 tenere
250 1545 470 1589 potuerunt,
490 1547 534 1578 ut
552 1541 639 1579 vel
629 1553 669 1578 m
688 1540 837 1590 negotio
856 1540 936 1577 sine
953 1538 1134 1589 pericu10,
1154 1538 1215 1575 vel

107 1589 148 1628 in
166 1591 243 1629 otio
260 1605 349 1630 cum
368 1592 565 1643 dignitate,
586 1606 664 1632 esse
679 1600 842 1644 possent.
871 1594 934 1630 Ac
951 1591 1026 1630 fuit
1044 1591 1214 1642 quidem,

106 1656 196 1682 cum
223 1645 319 1683 mihi
345 1658 498 1697 quoque
524 1647 678 1685 initium
703 1645 972 1697 requiescendi,
997 1652 1111 1695 atque
1133 1643 1215 1681 ani-

107 1708 218 1735 mum
232 1698 281 1736 ad
294 1699 491 1751 utriusque
504 1702 674 1738 nostrum
689 1700 868 1751 praeclara
878 1698 1003 1738 studia
1016 1696 1214 1743 referendi,

107 1748 188 1788 fore
213 1752 362 1801 justum
391 1760 428 1790 et
455 1766 573 1805 prope
601 1755 649 1793 ab
674 1753 851 1791 omnibus
876 1763 1093 1790 concessum
1118 1749 1217 1787 arbi-

107 1808 239 1852 trater,
259 1805 290 1843 si
314 1804 485 1844 infinitus
510 1806 716 1844 forensium
742 1818 869 1845 rerum
895 1806 1016 1852 labor,
1041 1811 1077 1841 et
1095 1802 1217 1840 ambi·

107 1855 220 1895 tionis
231 1858 438 1918 occupatio,
451 1859 610 1898 decursu
622 1860 825 1908 honorum,
839 1858 952 1896 etiam
967 1857 1086 1895 aetatis
1098 1856 1215 1900 flexu

107 1910 354 1950 constitisset.
380 1925 497 1963 quam
516 1925 623 1964 spem
641 1912 912 1973 cogitationum
926 1918 964 1949 et
977 1908 1218 1949 consiliorum

108 1973 297 2024 meorum,
320 1977 410 2003 cum
435 1979 567 2016 graves
592 1965 854 2004 communium
879 1971 1109 2014 temporum,
1134 1967 1217 1998 tum

108 2016 204 2054 varii
221 2018 338 2056 nostri
356 2031 463 2057 casus
480 2018 706 2058 fefellenmt.
735 2019 856 2067 Nam,
876 2017 943 2068 qui
960 2017 1064 2054 locus
1082 2013 1219 2065 quietis

108 2073 148 2105 et
175 2071 458 2129 tranquillitatis
488 2072 727 2123 plenissimus
758 2072 837 2110 fore
869 2070 1079 2116 videbatur,
1107 2067 1147 2104 in
1176 2079 1219 2105 eo

109 2122 290 2166 maximae
306 2125 425 2164 moles
442 2125 700 2165 molestiarum
719 2132 756 2164 et
774 2121 1105 2163 turbulentissima:
1123 2127 1219 2159 tem-
