1407 2324
166 60 243 100 DE
263 61 466 102 CLARIS
485 63 869 113 ORATORIBUS,
885 63 988 103 CAP.
1009 64 1046 101 9.
1075 62 1152 100 363

24 211 33 218 ·
59 173 136 204 tere
152 168 300 206 servari.
329 169 433 206 Ante
451 169 553 207 hunc
570 170 686 217 enim,
703 172 901 208 verborum
915 169 1022 220 quasi
1034 175 1152 206 struc-

58 227 157 267 tura,
176 227 213 257 et
230 221 403 271 quaedam
423 222 471 259 ad
489 235 691 260 numerum
710 222 910 271 conclusio,
923 222 1030 259 nulla
1047 227 1149 258 erat:

57 279 138 319 aut,
158 272 190 309 si
206 274 358 324 quando
375 282 466 321 erat,
486 287 561 312 non
580 277 783 326 apparebat
801 287 883 312 eam
902 275 1028 312 dedita
1038 272 1152 324 opera

58 337 136 362 esse
153 327 373 375 quaesitam:
403 340 488 377 quae
505 328 658 366 forsitan
684 329 767 365 laus
794 328 865 365 sit:
894 334 1153 365 verumtamen

60 379 196 415 natura
212 380 333 429 magis
351 387 449 427 tum,
469 393 630 431 casuque
654 393 941 431 nonnunquam,
957 391 1074 430 quam
1085 384 1153 416 aut

59 430 201 468 ratione
211 432 339 482 aliqua
350 440 416 470 aut
423 435 688 481 observatione,
698 434 820 471 fiebat.
835 433 924 483 Ipsa
931 433 1031 470 enim
1042 438 1154 468 natu-

60 495 102 520 ra
113 484 450 535 circumscriptione
464 487 630 536 quadam
644 488 843 524 verborum
856 484 1151 536 comprehendit,

62 536 324 588 concluditque
351 539 599 583 sententiam3
630 553 714 590 quae
739 552 826 576 cum
845 539 940 589 aptis
959 537 1154 575 constricta

65 589 183 626 verbis
209 598 276 636 est,
297 591 396 628 cadit
421 591 533 628 etiam
555 593 778 642 plerumque
796 604 1003 629 numerose.
1049 590 1155 626 Nam

63 649 101 678 et
118 655 226 680 aures
243 643 347 694 ipsae,
363 644 456 694 quid
473 645 643 694 plenum,
661 645 753 694 quid
763 645 874 681 inane
887 644 946 689 sit,
958 642 1153 692 judicant;

61 701 98 730 et
123 695 270 744 spiritu,
296 696 403 746 quasi
427 698 640 735 necessitate
667 697 808 748 aliqua,
829 699 1026 734 verborum
1053 707 1155 732 com-

61 747 256 796 prehensio
282 749 526 787 terminatur:
556 750 595 788 in
620 763 696 802 quo
722 762 798 788 non
819 749 932 787 modo
949 747 1071 796 defici,
1091 746 1156 786 sed

64 799 177 837 etiam
195 800 376 848 laborare,
397 809 505 852 turpe
524 810 589 840 est.

117 852 192 890 IX.
221 853 328 891 Tum
352 854 425 891 fuit
454 856 600 905 Lysias,
620 856 699 906 ipse
725 854 879 905 quidem
904 855 943 891 in
962 853 1080 892 causis
1099 852 1156 890 fo-

64 905 233 957 rensibus
258 919 334 944 non
359 915 537 954 versatus,
558 908 622 946 sed
644 908 790 958 egregie
816 907 963 945 subtilis
988 907 1155 956 scriptor,

64 965 177 1008 atque
195 959 357 1008 elegans,
377 972 492 1010 quem
507 961 587 1008 jam
600 973 715 1012 prope
727 960 863 998 audeas
877 966 1060 997 oratorem
1074 971 1158 1008 per-

64 1009 205 1048 fectum
223 1011 344 1049 dicere
359 1026 369 1049 ε
399 1025 487 1049 nam
507 1014 619 1063 plane
638 1013 791 1064 quidem
806 1012 1028 1063 perfectum,
1045 1018 1081 1048 et
1095 1010 1156 1048 cui

62 1063 159 1101 nihil
182 1063 388 1102 admodum
414 1065 522 1112 desit,
547 1066 844 1104 Demosthenem
869 1064 978 1102 facile
1004 1064 1154 1101 dixeris.

66 1116 178 1153 Nihil
203 1124 310 1154 acute
334 1117 493 1155 inveniri
509 1119 632 1168 potuit
650 1118 689 1155 in
708 1119 759 1156 eis
778 1117 911 1165 causis,
931 1129 1025 1167 quas
1044 1116 1158 1165 scrip-

64 1169 125 1217 sit,
146 1169 241 1206 nihil
268 1172 329 1213 (ut
345 1171 398 1208 ita
416 1171 554 1217 dicam)
573 1171 742 1219 subdole,
762 1171 858 1207 nihil
875 1176 1034 1216 versute,
1058 1168 1160 1218 quod

62 1221 126 1259 ille
153 1234 230 1259 non
257 1223 413 1270 viderit;
442 1223 538 1261 nihil
564 1224 749 1262 subtiliter
775 1223 861 1270 dici,
894 1222 990 1259 nihil
1020 1233 1158 1271 presse,

66 1274 162 1312 nihil
190 1276 392 1324 enucleate,
424 1289 500 1326 quo
531 1276 611 1314 fieri
642 1276 758 1327 possit
788 1275 931 1326 aliquid
965 1273 1157 1311 limatius:

67 1327 163 1364 nihil
181 1335 309 1365 contra
325 1329 479 1378 grande,
508 1329 604 1366 nihil
627 1329 838 1375 incitatum,
867 1326 962 1364 nihil
986 1333 1162 1364 ornatum

68 1379 128 1417 vel
146 1382 343 1418 verborum
363 1381 557 1431 gravitate,
578 1382 638 1419 vel
656 1381 937 1428 sententiarum,
957 1391 1033 1429 quo
1051 1378 1162 1430 quid-

68 1444 186 1484 quam
204 1440 297 1470 esset
315 1433 459 1471 elatius.

122 1485 227 1523 Huic
256 1486 467 1536 Hyperides
491 1486 700 1536 proximus,
730 1493 766 1524 et
790 1485 986 1524 AEschines
1011 1483 1098 1531 fuit,
1126 1490 1163 1520 et

70 1538 282 1588 Lycurgus,
311 1546 348 1576 et
373 1538 601 1586 Dinarchus,
622 1547 658 1576 et
679 1540 723 1586 is,
752 1540 859 1587 cujus
886 1538 993 1575 nulla
1015 1544 1163 1574 exstant

69 1591 218 1641 scripta,
246 1591 450 1639 Demades,
478 1591 616 1642 aliique
640 1593 777 1642 plures.
818 1591 914 1629 Haec
946 1589 1047 1627 enim
1076 1596 1165 1626 aetas

69 1643 203 1682 effudit
226 1643 322 1681 hanc
347 1644 492 1694 copiam
510 1658 522 1689 ;
551 1651 601 1692 et,
622 1652 665 1682 ut
682 1644 808 1695 opinio
826 1656 912 1681 mea
928 1643 1013 1691 fert,
1034 1654 1166 1679 succus

70 1696 136 1734 ille
163 1705 201 1733 et
232 1697 383 1746 sanguis
415 1697 651 1747 incorruptus
677 1709 797 1748 usque
823 1696 872 1734 ad.
897 1696 994 1733 hanc
1018 1702 1166 1732 aetatem

69 1756 260 1786 oratorum
286 1749 373 1798 fuit,
392 1749 432 1786 in
450 1749 527 1800 qua
544 1750 724 1788 naturalis
741 1750 888 1797 inesset,
909 1760 985 1786 non
1002 1748 1164 1795 fucatus,

72 1808 182 1839 nitor.

126 1854 330 1892 Phalereus
361 1855 462 1892 enim
489 1855 661 1893 successit
687 1856 739 1893 eis
763 1855 913 1893 senibus
939 1853 1164 1899 adolescens,

72 1906 344 1947 eruditissimus
368 1908 432 1945 ille
455 1907 610 1958 quidem
633 1907 770 1946 horum
796 1907 982 1953 omnium,
1009 1906 1073 1943 sed
1090 1916 1167 1942 non

74 1967 153 1997 tam
171 1959 285 1998 armis
302 1960 508 2008 institutus,
528 1973 643 2011 quam
668 1961 853 2011 palaestra.
895 1959 1030 2008 Itaque
1047 1957 1169 1996 delec-

75 2014 179 2050 tabat
194 2012 315 2063 magis
333 2012 597 2060 Athenienses,
617 2026 733 2064 quam
759 2012 1028 2051 inflammabat.
1077 2010 1170 2048 Pro-

75 2071 232 2104 cesserat
248 2064 350 2103 enim
367 2065 408 2102 in
425 2065 542 2104 solem
561 2072 598 2103 et
610 2066 818 2116 pulverem,
830 2076 906 2102 non
921 2071 964 2101 ut
981 2076 1001 2100 e
1018 2063 1171 2101 militari

80 2117 334 2167 tabernaculo,
354 2117 418 2157 sed
435 2125 479 2157 ut
496 2132 517 2157 e
534 2117 800 2169 Theophrasti,
826 2115 1029 2156 doctissimi
1052 2114 1174 2155 homi-
