1407 2324
205 48 282 93 DE
312 53 607 103 ORATORE,
638 55 736 92 Lm.
759 54 841 93 III.
871 55 976 94 CAP.
995 58 1058 94 55.
1116 57 1195 102 347

85 162 205 210 nutio,
222 169 259 200 et
277 162 380 213 quod
397 162 437 199 in
456 162 588 199 multis
607 162 753 200 casibus
772 162 941 213 ponitur,
962 170 999 201 et
1018 164 1134 215 quod,
1149 164 1198 203 de

82 216 241 267 singulis
258 217 370 254 rebus
387 215 586 266 propositis
605 215 777 261 ductum,
794 216 953 254 refertur
967 217 1015 254 ad
1030 218 1193 268 singula,

80 277 117 307 et
134 269 183 306 ad
200 269 434 320 propositum
454 270 622 318 subjecta
640 269 748 316 ratio,
766 276 802 307 et
821 270 913 307 item
928 270 967 307 in
985 271 1195 309 distributis

79 323 273 373 supposita
287 322 394 370 ratio,
408 329 444 359 et
457 322 666 373 permissio,
685 330 721 360 et
735 336 887 360 rursum
903 323 977 360 alia
991 324 1192 372 dubitatio,

79 385 116 414 et
133 376 381 427 improvisum
401 376 599 426 quiddam,
621 383 657 413 et
675 376 943 423 dinumeratio,
966 384 1002 414 et
1021 379 1096 415 alia
1114 391 1194 415 cor-

81 431 208 477 rectio,
237 437 273 467 et
297 429 503 479 dissipatio,
525 436 561 467 et
587 429 690 480 quod
716 429 992 478 continuatum,
1018 439 1054 468 et
1079 431 1194 469 inter-

80 482 257 533 ruptum,
280 490 316 520 et
341 483 481 533 imago,
510 490 545 520 et
572 483 643 520 sibi
668 482 739 533 ipsi
766 484 970 534 responsio,
992 492 1028 521 et
1053 485 1196 522 immu-

80 537 186 584 tatio,
207 544 244 574 et
262 536 476 585 disjunctio,
498 544 533 573 et
552 536 657 583 ordo,
679 544 715 574 et
729 537 873 584 relatio,
895 545 931 575 et
949 537 1142 587 digressio,
1159 545 1196 576 et

81 590 388 640 circumscriptio.
430 589 526 627 Haec
555 589 656 627 enim
682 597 770 626 sunt
797 590 888 637 fere,
920 598 1032 641 atque
1057 591 1195 628 horum

81 644 232 691 similia,
254 644 330 685 (vel
354 644 466 694 plura
491 643 605 680 etiam
632 656 708 680 esse
734 651 908 694 possunt)
936 657 1022 694 quae
1047 652 1196 682 senten-

79 698 141 735 tiis
165 697 387 745 orationem,
408 698 686 747 verborumque
705 697 1080 745 conformationibus,
1102 698 1192 735 illu-

80 751 238 788 minent.

139 804 227 841 LV.
253 804 353 851 Quae
371 803 526 855 quidem
545 811 595 851 te,
613 803 764 864 Crasse,
780 803 902 852 video,
922 804 1047 855 inquit
1068 805 1194 853 Cotta,

84 857 189 909 quod
219 865 309 895 nota
337 871 415 896 esse
446 857 554 894 nobis
582 864 707 908 puteS,
737 857 815 895 sine
845 857 1128 896 definitionibus
1158 865 1196 896 et

84 912 164 949 sine
172 911 364 962 exemplis
384 910 568 948 effudisse.
597 911 684 961 Ego
699 924 799 957 vero,
815 911 941 962 inquit
957 911 1127 959 Crassus,
1148 924 1197 949 ne

84 965 151 1002 illa
175 964 344 1015 quidem,
371 977 458 1015 quae
482 977 596 1015 supra
621 964 714 1012 dixi,
742 977 839 1002 nova
865 965 969 1002 vobis
997 978 1074 1002 esse
1093 965 1193 1002 arbi-

83 1019 234 1062 trabar3
265 1017 330 1055 sed
352 1018 538 1055 voluntati
563 1020 727 1055 vestrum
754 1018 928 1055 omnium
954 1019 1074 1069 parui.
1119 1019 1196 1056 His

82 1078 210 1109 autem
228 1070 276 1109 de
293 1072 404 1108 rebus
423 1071 478 1108 sol
496 1083 558 1108 me
576 1071 640 1108 ille
665 1071 877 1119 admonuit,
897 1078 942 1108 ut
965 1072 1111 1110 brevior
1137 1085 1194 1110 es-

82 1137 176 1172 sem,
196 1125 276 1175 qui,
296 1124 376 1175 ipse
390 1125 472 1173 jam
490 1125 742 1175 praecipitans,
757 1137 821 1162 me
836 1137 988 1175 quoque
1002 1125 1081 1163 haec
1096 1139 1194 1176 prae-

82 1178 235 1229 cipitem
253 1190 360 1228 paene
379 1178 548 1216 evolvere
567 1178 699 1228 coe'git.
741 1178 816 1216 Sed
842 1185 968 1216 tamen
994 1179 1110 1227 hujus
1129 1192 1195 1229 ge-

81 1231 179 1270 neris
208 1230 474 1269 demonstratio
507 1239 575 1280 est,
609 1238 646 1268 et
675 1231 844 1268 doctrina
870 1232 965 1282 ipsa,
997 1233 1190 1282 vulgaris:

78 1298 170 1322 usus
184 1292 312 1322 autem
327 1284 583 1335 gravissimus,
600 1292 636 1322 et
654 1284 694 1321 in
713 1285 784 1322 hoc
803 1291 881 1321 toto
900 1285 1048 1322 dicendi
1067 1285 1193 1323 studio

76 1338 332 1376 difficillimus.

132 1392 408 1439 Quamobrem,
440 1390 621 1442 quoniam
647 1390 694 1428 de
723 1397 857 1428 ornatu
883 1390 988 1428 omni
1013 1391 1193 1430 orationis

80 1452 169 1484 sunt
194 1457 338 1493 omnes,
365 1445 395 1482 si
421 1456 497 1482 non
522 1443 712 1495 patefacti,
737 1451 776 1480 at
794 1451 891 1481 certe
910 1445 1194 1484 commonstrati

79 1499 177 1543 loci;
206 1510 322 1545 nunc,
351 1497 444 1548 quid
468 1505 602 1548 aptum
629 1498 689 1545 sit,
714 1497 785 1535 hoc
811 1504 879 1545 est,
906 1498 1000 1549 quid
1024 1499 1194 1537 maxime

79 1552 207 1590 deceat
225 1551 265 1588 in
284 1551 463 1599 oratione,
484 1551 702 1588 videamus:
729 1563 965 1602 quamquam
980 1551 1020 1588 id
1034 1552 1191 1603 quidem

78 1605 319 1657 perspicuum
339 1612 407 1652 est,
428 1616 504 1642 non
523 1604 628 1641 omni
642 1617 776 1652 causae,
793 1617 861 1642 nec
876 1604 1052 1653 auditori,
1069 1617 1194 1656 neque

76 1671 258 1710 personae,
284 1671 408 1709 neque
432 1658 606 1708 tempori,
631 1670 835 1707 congruere
862 1658 1038 1696 orationis
1064 1672 1188 1696 unum

77 1724 208 1763 genus.
238 1712 343 1749 Nam
359 1718 395 1749 et
409 1724 530 1749 causae
545 1711 676 1762 capitis
696 1711 815 1748 alium
834 1712 1040 1762 quemdam
1058 1713 1191 1750 verbo-

75 1779 163 1804 rum
182 1778 318 1803 sonum
343 1765 554 1816 requirunt,
575 1765 694 1802 alium
719 1777 847 1802 rerum
873 1765 1106 1815 privatarum
1133 1772 1191 1802 at-

75 1833 150 1871 que
168 1831 370 1870 parvarum
385 1832 394 1855 :
421 1825 457 1856 et
471 1818 576 1856 aliud
590 1818 738 1856 dicendi
751 1831 870 1869 genus
886 1818 1187 1866 deliberationes,

75 1873 180 1911 aliud
194 1872 440 1919 laudationes,
454 1871 559 1909 aliud
571 1871 727 1920 judicia,
746 1872 851 1909 aliud
866 1884 1068 1919 sermones,
1085 1871 1192 1909 aliud

75 1925 291 1972 consolatio,
318 1925 422 1963 aliud
444 1925 672 1975 objurgatio,
704 1925 810 1962 aliud
837 1924 1055 1975 disputatio,
1084 1925 1190 1962 aliud

75 1978 230 2017 historia
247 1978 441 2017 desiderat.
482 1979 617 2016 Refert
641 1978 770 2026 etiam,
798 1978 865 2028 qui
889 1978 1059 2025 audiant,
1082 1990 1192 2015 sena-

77 2039 149 2080 tus,
170 2045 218 2070 an
235 2033 414 2084 populus,
433 2044 482 2069 an
498 2032 658 2081 judices,
678 2031 907 2083 frequenteS,
928 2043 976 2068 an
995 2031 1121 2096 11311λοί,
1138 2042 1188 2069 an

75 2085 241 2137 singuli.
280 2092 331 2133 et,
361 2085 493 2137 quales
521 2085 594 2136 ipsi
621 2097 774 2137 quoque
801 2091 978 2132 oratores,
1009 2097 1086 2136 qua
1113 2084 1191 2122 sint

76 2145 198 2191 aetate,
213 2138 369 2189 honore,
385 2138 620 2188 auctoritate,
636 2138 748 2178 debet
762 2137 901 2179 videri:
923 2145 1074 2190 tempus
1087 2137 1191 2191 pacis
