1407 2324
187 59 264 99 DE
285 59 487 99 CLARIS
506 57 892 108 ORATORIBUS,
912 58 1014 98 CAP.
1029 60 1092 104 77.
1140 59 1217 101 427

107 166 317 212 merabilia)
346 166 393 204 de
417 166 496 204 istis
518 166 665 204 duobus
691 178 780 204 cum
804 166 940 216 cogito,
967 165 1089 213 doleo,
1115 164 1212 202 nihil

107 227 214 256 tuam
232 226 452 269 perpetuam
471 219 727 257 auctoritatem
748 219 794 257 de
812 232 903 270 pace
916 219 1094 256 valuisse:
1119 230 1210 255 nam

107 283 175 309 nec
205 272 295 309 istos
327 272 548 309 excellentes
579 273 689 318 viros,
724 284 791 309 nec
822 272 962 309 multos
992 271 1083 309 alios
1113 283 1210 321 prae-

107 332 245 362 stantes
274 325 384 371 cives,
416 325 625 384 respublica
650 325 880 374 perdidisset.
923 325 1122 371 Sileamus‚
1151 323 1211 360 in-

107 390 238 427 quam,
258 377 392 424 Brute,
413 377 459 414 de
477 377 570 423 istis,
598 390 645 415 ne
670 390 874 427 augeamus
897 377 1087 414 dolorem·
1117 388 1209 413 nam

106 438 144 467 et
162 430 434 481 praeteritorum
453 430 656 468 recordatio
675 439 729 468 cst
748 432 891 477 acerba,
913 437 949 467 et
967 429 1130 467 acerbior
1144 442 1210 467 ex·

106 483 284 533 spectatio
301 483 544 533 reliquorum.
586 484 722 533 Itaque
747 483 966 520 omittamus
988 483 1142 532 111801·ος
1173 489 1210 519 et

107 544 271 595 tantuin,
290 535 385 586 quid
404 536 564 586 quisque
582 535 738 573 dlcendo
756 535 932 586 potuerit,
954 535 1151 586 (quoniam
1169 534 1209 571 id

106 589 327 639 quaerimus)
347 589 603 647 praedicemus.

158 641 318 679 LXXV
322 642 378 679 ΙΙ.
403 642 501 679 Sunt
520 641 633 678 etiam
653 654 699 679 ex
718 641 776 687 iis,
798 642 864 692 qui
883 641 1014 679 eodem
1031 641 1130 679 bello
1144 653 1206 678 oc-

104 694 288 739 ciderunt,
302 694 362 730 M,
372 694 550 742 Bibulus,
565 695 631 744 qui
643 702 679 731 et
692 695 911 744 scriptitavit
921 702 1104 741 accurate,
1117 706 1207 731 cum

103 747 310 798 praesertim
328 759 404 783 non
423 756 517 785 esset
534 755 670 794 orator,
691 754 728 784 et
745 747 821 797 egit
838 747 960 784 multa
973 753 1205 784 constanter:

104 800 258 850 Appius
288 799 485 845 Claudius,
518 813 619 837 socer
647 807 748 846 tuuS‚
783 800 924 850 collega
951 807 987 836 et
1013 798 1209 836 familiaris

104 866 237 897 meus;
266 853 328 890 hic
343 853 425 901 jam
444 861 481 890 et
498 853 586 890 satis
604 852 805 899 studiosus,
826 862 862 890 et
881 852 988 889 valde
1010 864 1098 889 cum
1120 852 1207 889 doc-

104 913 180 952 tus,
200 914 284 943 tum
303 905 415 943 etiam
435 905 655 943 exercitatus
673 913 809 951 orator,
831 912 867 942 et
889 917 977 943 cum
1000 904 1205 954 auguralis,

103 967 186 996 tum
205 958 328 996 omnis
346 958 488 1009 publici
503 958 613 1006 juris,
633 958 941 1008 antiquitatisque
959 964 1094 995 nostrae
1111 959 1208 995 bene

101 1012 243 1062 peritus
261 1011 346 1048 fuit.
376 1011 423 1048 L.
438 1010 632 1048 Domitius
650 1011 757 1048 nulla
775 1011 838 1048 1110
857 1010 1011 1061 quidem
1030 1017 1121 1057 arte,
1141 1009 1205 1047 sed

99 1065 238 1102 Latine
256 1071 396 1111 tamen,
416 1071 453 1102 et
470 1064 594 1101 multa
612 1076 701 1101 cum
722 1064 907 1110 libertate,
928 1063 1096 1100 dicebat:
1127 1062 1203 1100 duo

99 1126 278 1168 praeterea
306 1116 463 1155 Lentuli
491 1117 715 1163 consulares,
741 1129 905 1166 quorum
935 1115 1096 1153 Publius
1126 1115 1226 1161 ifle,-

100 1178 313 1208 nostrarum
329 1169 555 1218 injuriarum
574 1169 687 1215 ultor,
708 1176 836 1206 auctor
854 1168 998 1215 salutis,
1018 1167 1206 1218 quidquid

100 1224 247 1268 habuit,
267 1230 618 1282 quantumcumque
642 1222 729 1269 fuit,
749 1221 847 1258 illud
863 1228 986 1258 totum
1004 1220 1138 1257 habuit
1157 1233 1204 1257 ex

101 1277 324 1336 disciplina:
354 1275 604 1313 instrumenta
624 1282 768 1312 naturae
786 1274 963 1311 deerant.
994 1273 1058 1310 sed
1077 1280 1204 1311 tantus

101 1329 219 1366 animi
244 1328 431 1378 splendor,
458 1335 495 1365 et
518 1335 624 1364 tanta
648 1326 883 1376 magnitudo,
907 1333 951 1362 ut
973 1326 1043 1363 sibi
1061 1325 1204 1372 omnia,

101 1396 187 1432 quae
205 1382 390 1419 clarorum
409 1381 575 1418 virorum
598 1387 731 1427 essent,
755 1391 832 1416 non
852 1379 1045 1416 dubitaret
1069 1378 1207 1416 adscis-

101 1448 195 1481 cere,
216 1446 334 1484 eaque
352 1433 456 1471 omni
474 1433 656 1483 dignitate
669 1432 871 1469 obtineret:
898 1431 945 1468 L.
959 1439 1086 1468 autem
1101 1431 1204 1468 Len-

100 1488 204 1525 tulus
222 1487 309 1524 satis
328 1494 406 1524 erat
423 1486 528 1523 fortis
546 1492 682 1531 orator,
703 1485 734 1522 si
752 1484 868 1522 modo
882 1492 1030 1528 oraton
1060 1483 1125 1521 sed
1143 1496 1205 1521 co-

99 1540 246 1589 gitandi
264 1551 339 1577 non
358 1539 498 1576 ferebat
516 1513 696 1575 laboreni.
725 1537 813 1575 Vox
834 1549 982 1583 canora,
996 1538 1111 1574 -verba
1127 1549 1203 1574 non

102 1593 253 1630 horrida
271 1605 373 1652 sane,
394 1600 436 1629 ut
461 1594 573 1641 plena
597 1598 690 1628 esset
710 1589 828 1627 animi
854 1597 891 1628 et
907 1589 1055 1627 terroris
1073 1589 1203 1628 oratio.

103 1648 299 1693 Quaererae
320 1645 360 1682 in
382 1644 532 1694 judiciis
556 1643 709 1681 fortasse
734 1643 896 1687 melius3
929 1642 969 1679 in
995 1642 1203 1692 republica,

102 1699 205 1758 quod
223 1706 315 1745 erat,
335 1710 413 1736 esse
431 1697 617 1746 judicares
639 1696 737 1734 satis.
777 1696 841 1733 Ne
863 1695 912 1733 Τ.
933 1694 1087 1745 quidem
1111 1695 1205 1733 Pos-

102 1752 245 1789 tumius
263 1749 584 1789 contemnendus'
573 1762 614 1787 m
632 1748 812 1787 dicendo:
842 1748 889 1786 de
910 1747 1102 1798 republica
1119 1760 1207 1786 vero

103 1817 180 1842 non
209 1804 335 1842 minus
368 1803 568 1843 vehemens
596 1809 733 1848 orator,
763 1814 879 1851 quam
903 1801 1074 1846 bellator,
1102 1800 1202 1838 fuit-

103 1857 316 1903 effrenatus,
336 1864 373 1894 et
391 1869 473 1895 acer
489 1855 616 1902 nimis,
637 1855 702 1893 sed
720 1857 814 1892 bene
829 1853 924 1903 juris
941 1853 1085 1904 publici
1105 1853 1206 1903 leges

103 1918 216 1960 atque
233 1910 404 1947 instituta
420 1916 654 1959 cognoverat.

158 1963 244 2000 Hoc
260 1963 342 2000 loco
360 1962 525 2008 Atticus,
547 1962 726 1998 Putarem
741 1967 791 2007 te,
806 1959 944 2010 inquit,
960 1958 1203 1996 ambitiosum

104 2029 142 2053 es
130 2029 196 2061 se,
216 2015 246 2052 si
272 2018 332 2057 (ut
349 2015 525 2061 dixisti)
516 2014 556 2061 11,
577 2026 671 2064 quos
686 2013 832 2062 jamdiu
852 2012 1008 2061 colligis,
1029 2011 1205 2050 viverent.

106 2069 251 2106 Omnes
276 2068 376 2107 enim
401 2080 685 2115 commemoraS,
706 2066 773 2118 qui
795 2065 876 2104 ausi
899 2063 1103 2116 aliquando
1121 2073 1209 2111 sunt
