1407 2308
258 68 334 109 DE
362 69 653 118 ORATORE,
685 69 780 108 Lus.
800 68 856 108 ΙΙ.
887 68 990 107 ΟΑΡ.
1010 68 1070 105 10.
1137 66 1209 104 201

117 176 297 226 cognorit,
318 179 378 221 (ut
394 178 474 216 heri
493 177 648 216 Crassus
667 177 828 223 dicebat)
854 176 994 227 optime
1017 180 1138 225 potest
1155 173 1212 209 di-

116 240 221 276 cere;
245 230 297 269 sic
313 238 530 269 caeterarum
549 231 687 268 artium
705 231 876 268 homines
889 228 1054 267 ornatius
1068 227 1134 264 illa
1147 238 1215 263 sua

115 280 260 328 dicunt,
280 284 311 320 si
329 284 421 332 quid
440 287 487 320 ab
506 285 575 320 hac
594 292 671 320 arte
689 283 908 320 didicerunt.
949 282 1086 332 Neque
1109 279 1210 317 enim

112 333 144 369 si
162 334 208 370 de
225 334 370 373 rusticis
388 337 498 373 rebus
516 336 678 386 agricola
701 336 903 386 quispiam,
924 342 989 373 aut
1008 334 1121 372 etiam
1141 332 1211 379 (id,

113 386 215 436 quod
244 388 373 435 multi)
404 389 571 426 medicus
602 389 648 426 de
675 389 829 437 morbis,
859 396 925 426 aut
951 388 998 425 de
1024 385 1214 438 pingendo

113 439 233 489 pictor
260 441 410 492 aliquis,
441 442 576 480 diserte
600 442 736 479 dixerit
765 449 830 479 aut
855 441 1053 493 scripserit,
1077 439 1214 477 idcirco

113 492 215 531 illius
236 494 324 532 artis
348 496 516 546 putanda
541 496 587 533 sit
615 495 849 546 eloquentia:
880 496 919 532 in
945 495 1021 546 qua
1047 493 1137 544 quia
1160 492 1216 529 vis

113 555 253 597 magna
283 555 337 585 est
367 549 407 585 in
438 549 638 587 hominum
670 549 842 598 ingeniis,
874 561 917 586 eo
947 547 1074 594 multi,
1103 546 1217 583 etiam

112 599 192 638 sine
210 600 391 650 doctrina,
411 602 554 653 aliquid.
568 602 739 639 omnium
755 614 934 652 generum
950 608 1062 651 atque
1077 599 1217 637 artium

115 662 420 705 consequuntur:
464 655 541 704 sed,
581 655 673 706 quid
711 656 892 706 cujusque
927 654 974 691 sit
1004 652 1216 704 proprium,

117 707 185 744 etsi
213 720 259 745 ex
287 720 331 745 eo
355 708 516 757 judicari
541 716 674 760 potest,
703 721 790 746 cum
816 707 964 756 videris,
994 706 1087 758 quid
1115 718 1218 756 quae-

117 773 192 811 que
221 761 390 810 doceant,
420 769 547 800 tamen
575 762 646 800 'noe
675 761 810 799 certius
842 761 938 799 nihil
971 772 1048 797 esse
1080 766 1215 810 potest,

117 827 233 864 quam
258 814 360 866 quod
381 828 510 853 omnes
535 823 631 853 artes
656 815 739 852 aliae
761 815 840 852 sine
865 813 1080 864 eloquentia
1106 824 1218 849 suum

116 879 256 905 munus
269 875 443 918 praestare
460 875 629 919 possunt,
646 875 769 905 orator
787 868 866 905 sine
884 867 929 904 ea
947 878 1085 904 nomen
1105 878 1217 902 suum

114 921 281 958 obtinere
298 933 373 958 non
392 929 537 972 potest:
562 928 606 959 ut
625 921 760 969 caeteri,
781 921 811 958 si
826 919 953 958 diserti
967 920 1054 967 sint,
1075 918 1220 969 aliquid

115 975 163 1011 ab
184 974 256 1012 hoc
277 974 464 1020 habeant;
494 975 569 1021 hic,
598 974 671 1012 nisi
697 973 910 1012 domesticis
938 986 977 1010 se
1000 972 1220 1010 instruxerit

113 1027 242 1079 copiis,
263 1027 414 1065 aliunde
433 1028 580 1066 dicendi
599 1028 745 1078 copiam
765 1034 890 1078 petere
909 1039 984 1063 non
1002 1026 1130 1077 possit.

168 1080 220 1118 X.
250 1080 357 1118 Tum
380 1080 553 1130 Catulus,
581 1081 681 1129 Etsi,
707 1081 845 1132 inquit,
873 1080 1035 1128 Antoni,
1061 1077 1221 1116 minime

114 1133 374 1185 impediendus
393 1142 447 1172 est
471 1134 770 1185 interpellatione
794 1134 864 1171 iste
888 1146 1018 1172 cursus
1043 1131 1220 1170 orationis

114 1194 203 1236 tuae,
223 1188 364 1238 patiere
382 1195 524 1237 tamen,
543 1188 714 1238 mihique
736 1188 915 1237 ignosces.
958 1188 985 1208 ‘⁶
1002 1186 1093 1223 Non
1119 1185 1220 1222 enim

112 1253 280 1292 possum,
301 1241 394 1292 quin
413 1242 666 1289 exclamem,”
686 1248 729 1278 ut
748 1241 800 1278 ait
819 1241 882 1278 ille
900 1240 940 1276 in
959 1239 1191 1276 Trinummo
1205 1252 1216 1274 ι

113 1294 168 1332 ita
184 1294 280 1332 mihi
304 1294 382 1332 vim
407 1295 562 1332 oratoris
586 1301 671 1331 tum
690 1294 900 1344 exprimere
919 1292 1103 1330 subtiliter
1123 1291 1222 1328 visus

114 1360 167 1396 ὅ,
186 1354 270 1385 tum
288 1347 442 1385 laudare
460 1348 731 1398 copiosissime3
757 1346 858 1397 quod
873 1345 1026 1396 quidem
1045 1345 1222 1395 eloquen-

116 1408 195 1438 tem
221 1401 280 1439 vel
304 1401 446 1451 optime
471 1401 592 1438 facere
618 1407 776 1450 oportet,
796 1407 840 1436 ut
866 1398 1118 1449 eloquentiam
1139 1397 1222 1434 lau-

116 1453 203 1491 det:
237 1454 348 1491 debet
372 1453 486 1501 enim,
515 1453 564 1490 ad
590 1466 672 1490 eam
698 1451 943 1498 laudandam,
970 1452 1091 1502 ipsam
1115 1450 1222 1487 illam

117 1507 307 1554 adhibere,
327 1519 443 1558 quam
462 1506 605 1544 laudat.
646 1505 719 1544 Sed
737 1518 851 1556 perge
869 1517 1002 1556 porro:
1031 1504 1103 1541 tibi
1121 1503 1222 1541 enim

118 1559 309 1606 assentior,
342 1568 509 1597 vestrum
541 1572 619 1598 esse
650 1559 721 1596 hoc
747 1566 885 1606 totum,
914 1558 1048 1596 diserte
1074 1557 1220 1601 dicere;

118 1613 233 1664 idque
252 1613 282 1650 si
301 1613 385 1664 quis
403 1613 443 1650 in
463 1613 537 1650 alia
555 1620 633 1650 arte
647 1612 772 1659 faciat,
789 1625 877 1649 eum
891 1618 1057 1648 assumto
1071 1609 1223 1647 aliunde

119 1666 177 1704 uti
194 1669 307 1715 bono,
328 1678 403 1704 non
422 1665 588 1717 proprio,
608 1678 676 1704 nec
695 1678 773 1703 suo·
803 1665 856 1703 Et
871 1664 1040 1711 Crassus,
1060 1664 1152 1701 Nox
1171 1669 1222 1709 te,

118 1719 256 1771 inquit,
283 1719 405 1767 nobis,
432 1719 596 1767 Antoni,
623 1718 817 1770 expolivit,
845 1718 1114 1767 hominemque
1138 1715 1223 1753 red-

119 1773 238 1811 didit:
260 1784 350 1810 nam
364 1773 537 1810 hesterno
552 1785 734 1820 sermone,
750 1772 862 1808 unius
877 1770 1074 1819 cujusdam
1088 1769 1222 1820 operiS,

119 1833 164 1864 ut
178 1826 230 1864 ait
250 1826 437 1874 Caecilius,
457 1825 639 1875 remigem
653 1825 818 1876 aliquem
834 1831 899 1861 aut
912 1824 1100 1872 bajulum,
1117 1821 1225 1859 nobis

119 1886 305 1918 oratorem
337 1878 594 1930 descripseraS,
627 1879 779 1928 inopem
812 1877 1016 1929 quemdam
1047 1874 1223 1913 humani-

120 1933 208 1970 tatis
225 1940 340 1983 atque
357 1932 599 1970 inurbanum.
639 1932 746 1969 Tum
765 1930 971 1977 Antonius,
993 1929 1032 1967 H
1037 1929 1089 1966 eri
1107 1928 1224 1974 enim,

121 1986 258 2038 inquit,
278 1986 350 2024 hoc
373 1985 470 2022 mihi
494 1997 775 2036 proposueram,
796 1991 852 2031 ut,
874 1983 905 2020 si
930 1990 967 2020 te
992 1981 1222 2027 refellissem,

121 2038 190 2077 hos
215 2051 240 2077 a
263 2045 300 2077 te
327 2038 527 2090 discipulos
551 2038 799 2076 abducerem:
830 2048 944 2082 nunc,
965 2035 1102 2073 Catulo
1119 2032 1226 2071 audi-

123 2098 209 2129 ente
229 2098 267 2130 et
285 2090 446 2139 Caesare,
466 2091 592 2129 videor
616 2091 748 2128 debere
774 2102 848 2127 non
875 2096 952 2125 tam
980 2099 1147 2140 pugnare
1172 2093 1226 2124 te-

124 2156 229 2194 cum,
250 2157 381 2196 quam,
401 2143 494 2196 quid
511 2145 591 2196 ipse
609 2144 781 2192 sentiam,
801 2142 932 2180 dicere.
