1429 2344
195 45 275 85 300
328 44 409 85 DE
436 45 735 99 ORATORE,
766 47 866 87 Lm.
888 46 973 88 111.
1003 47 1108 88 CAP.
1133 48 1194 87 11.

196 153 360 204 limavit,
376 162 420 193 ut
433 155 472 193 id
487 156 739 195 conformaret
752 156 792 194 in
807 164 983 210 utroque,
999 156 1103 209 quod
1116 154 1315 208 utriusque

199 215 336 246 natura
353 216 556 260 pateretur.

254 261 307 299 X.
338 263 435 300 Haec
460 276 504 301 eo
529 264 626 301 mihi
651 264 888 315 praedicenda
911 264 1081 310 fuerunt,
1102 270 1160 312 ut,
1181 263 1213 302 si
1236 274 1314 301 non

199 316 342 363 omnia,
374 330 460 367 quae
484 326 783 368 proponerentur
807 332 831 356 a
855 331 931 366 me,
959 319 1007 356 ad
1032 318 1207 356 omnium
1231 330 1314 355 ves-

199 371 302 406 trum
322 371 506 419 studium,
528 379 565 409 et
583 372 630 409 ad
649 385 769 422 genus
783 371 837 419 id,
854 372 957 423 quod
971 371 1132 423 quisque
1146 372 1314 409 vestrum

198 421 240 458 in
266 423 423 462 dicendo
447 427 637 485 probaret,
660 400 968 473 adhaerescerent,
993 425 1033 462 id
1057 438 1080 463 a
1104 438 1167 463 me
1192 436 1314 476 genus

197 477 361 527 exprimi
373 479 570 527 sentiretis,
585 479 688 530 quod
702 479 870 517 maxime
884 479 1002 516 mihi
992 479 1065 529 ipsi
1076 480 1312 529 probaretur.

252 530 359 580 Ergo
378 531 458 569 haec
477 540 513 570 et
532 533 678 583 agenda
697 540 786 570 sunt
804 534 852 570 ab
871 540 1030 581 oratore,
1047 545 1133 583 quae
1148 531 1314 583 explica„-

197 582 252 620 vit
281 584 490 633 Antonius,
523 564 578 623 eto
589 586 748 624 dicenda
776 586 944 637 quodam
971 586 1097 624 modo.
1137 584 1312 632 Quinam

196 635 314 686 igitur
345 638 494 676 dicendi
526 646 581 677 est
608 640 744 677 modus
774 640 922 688 melior,
955 641 1062 681 (nam
1091 638 1139 676 de
1167 639 1314 677 actione

195 698 280 740 post
299 691 442 738 videro)
464 705 580 743 quam
600 701 644 730 ut
663 692 815 741 Latine,
835 699 879 730 ut
896 693 1024 744 plane,
1044 698 1089 730 ut
1106 699 1250 742 ornate,
1270 698 1316 730 ut

194 744 244 781 ad
261 744 314 791 id,
335 745 604 797 quodcumque
629 753 776 796 agetur,
797 753 885 797 apte
907 753 1231 797 congruenterque
1255 745 1314 783 di-

195 810 350 837 camus.
342 801 359 826 ⁹
387 803 521 850 Atque
536 813 667 837 eorum
687 799 857 850 quidem,
874 813 961 851 quae
979 800 1055 838 duo
1073 799 1199 850 prima
1216 799 1313 848 dixi,

195 852 381 890 rationem
400 865 477 891 non
496 854 656 892 arbitror
674 853 882 904 exspectari
900 867 923 891 a
940 866 1017 901 me,
1036 853 1125 904 puri
1138 853 1313 891 dilucidi-

196 918 272 955 que
291 907 496 945 sermonis:
527 920 651 968 neque
674 908 776 945 enim
795 920 978 946 conamur
996 907 1128 945 docere
1146 919 1236 945 eum
1253 906 1312 944 (11-

195 971 291 1006 cere,
313 959 380 1011 qui
397 960 504 1011 loqui
523 961 688 1007 nesciat3
718 973 788 999 nec
806 974 967 1012 sperare,
988 961 1056 1012 qui
1078 961 1217 998 Latine
1233 972 1313 998 non

194 1013 325 1063 possit,
346 1013 449 1052 hunc
467 1021 597 1052 ornate
622 1028 700 1053 esse
721 1015 937 1053 dicturum:
968 1027 1093 1065 neque
1118 1026 1218 1061 vero,
1243 1013 1310 1065 qui

194 1078 272 1104 non
291 1066 404 1116 dicat,
426 1068 530 1119 quod
547 1068 820 1119 intelligamus,
841 1069 945 1106 hunc
969 1081 1091 1119 posse,
1115 1067 1219 1118 quod
1244 1067 1312 1105 ad-

193 1120 390 1168 miremur,
411 1121 543 1160 dicere.
574 1122 816 1174 Linquamus
834 1121 951 1173 igitur
968 1122 1064 1170 haec,
1080 1134 1167 1173 quae
1181 1121 1311 1171 cogni-

192 1173 337 1211 tionem
355 1174 498 1214 habent
514 1175 680 1225 facilem,
701 1189 816 1214 usum
835 1175 1109 1214 necessarium:
1139 1187 1231 1212 nam
1253 1175 1310 1212 al-

192 1234 319 1266 terum
344 1229 506 1266 traditur
530 1229 662 1279 literis,
686 1229 934 1280 doctrinaque
952 1229 1115 1280 puerili3
1145 1229 1308 1266 alterum

192 1281 394 1319 adhibetur
413 1284 461 1320 ob
482 1296 566 1320 eam
585 1296 752 1332 causam,
773 1291 817 1321 ut
831 1283 1080 1334 intelligatur,
1096 1281 1190 1333 quid
1203 1282 1309 1333 quis-

190 1348 267 1385 que
295 1336 420 1373 dicat:
456 1337 560 1387 quod
587 1337 760 1375 videmus
786 1337 841 1375 ita
867 1349 946 1375 esse
972 1335 1238 1385 necessarium,
1264 1343 1310 1374 ut

189 1395 319 1427 tamen
339 1402 382 1427 eo
400 1389 529 1428 minus
547 1390 645 1428 nihil
663 1404 741 1430 esse
759 1391 887 1442 possit.

244 1443 320 1481 Sed
345 1444 468 1482 omnis
495 1444 678 1495 loquendi
703 1445 903 1496 elegantia,
927 1455 1164 1496 quamquam
1190 1455 1308 1494 expo-

187 1495 281 1534 litur
300 1497 456 1535 scientia
473 1497 684 1546 literarum,
706 1506 834 1536 tamen
853 1507 1012 1550 augetur
1029 1497 1200 1558 legendis
1223 1510 1308 1535 ora-

187 1550 332 1588 toribus
352 1558 389 1588 et
406 1551 540 1602 poe'tis.
581 1553 681 1590 Sunt
705 1553 808 1591 enim
833 1552 891 1590 1111
913 1560 1067 1601 veteres,
1089 1551 1156 1602 qui
1172 1563 1308 1589 ornare

187 1604 361 1641 nondum
390 1612 564 1655 poterant
596 1619 653 1655 ea,
685 1620 772 1658 quae
803 1606 991 1655 dicebant,
1025 1618 1156 1643 omnes
1186 1617 1307 1656 prope

185 1658 365 1708 praeclare
401 1659 549 1696 locuti.
594 1673 760 1711 quorum
796 1673 968 1698 sermone
1003 1658 1201 1697 assuefacti
1237 1658 1304 1709 qui

187 1718 311 1760 erunt,
332 1724 380 1749 ne
399 1712 592 1763 cupientes
611 1714 768 1764 quidem
785 1720 965 1765 poterunt
982 1713 1103 1764 loqui,
1130 1711 1204 1749 nisi
1225 1710 1305 1749 La-

187 1765 279 1803 tine.
319 1765 459 1816 Neque
483 1773 613 1804 tamen
638 1768 708 1805 erit
731 1768 919 1805 utendum
941 1765 1092 1805 verbis
1081 1766 1141 1814 115,
1162 1765 1304 1816 quibus

183 1819 267 1868 jam
286 1819 516 1857 consuetudo
534 1827 661 1858 nostra
685 1833 763 1859 non
787 1821 922 1869 utitur,
948 1820 1021 1858 nisi
1047 1818 1214 1870 quando,
1241 1831 1303 1856 or-

185 1872 305 1910 nandi
323 1872 450 1921 causa,
470 1886 594 1924 parce,
616 1874 720 1925 quod
737 1874 960 1921 ostendam3
990 1873 1056 1911 sed
1077 1872 1226 1910 usitatis
1247 1871 1302 1910 ita

185 1926 324 1977 poterit
342 1927 413 1975 uti,
438 1927 648 1966 lectissimis
674 1934 718 1965 ut
738 1934 881 1976 utatur,
901 1928 947 1976 is,
968 1927 1036 1979 qui
1053 1926 1094 1964 in
1112 1925 1303 1965 veteribus

186 1980 257 2018 erit
277 1980 422 2031 scriptis
441 1981 605 2019 studiose
623 1989 660 2020 et
677 1982 846 2019 multum
865 1982 1070 2020 volutatus.

240 2033 319 2071 XI.
346 2034 495 2085 Atque,
522 2041 567 2073 ut
592 2035 731 2073 Latine
754 2036 973 2087 loquamur,
1000 2046 1077 2072 non
1100 2034 1225 2072 solum
1244 2033 1302 2071 vi-

184 2086 355 2127 dendum
374 2095 443 2140 est,
459 2096 504 2129 ut
518 2096 555 2129 et
569 2091 684 2130 verba
697 2089 897 2131 efferamus
911 2102 969 2142 ea,
985 2102 1072 2143 quae
1086 2100 1199 2128 nemo
1213 2087 1303 2138 jure
