1429 2344
142 65 219 103 140
292 63 368 102 DE
398 62 693 111 ORATORE,
726 63 874 101 L1n.1.
906 62 1009 101 CAr.
1031 63 1090 108 17.

143 171 310 232 liberior,
325 171 456 210 multis
469 184 555 209 vero
568 171 727 209 ornandi
739 170 938 222 generibus
950 170 1085 217 socius,
1095 183 1138 208 ac
1151 183 1259 222 paene

146 239 236 277 par:
266 225 307 263 in
326 226 397 263 hoc
415 225 571 276 quidem
597 232 694 263 certe
715 237 832 276 prope
851 224 969 272 idem,
988 223 1105 262 nullis
1123 231 1167 262 ut
1186 230 1260 262 ter-

147 279 262 317 minis
275 279 557 317 circumscribat
570 286 637 316 aut
650 278 834 316 definiat
820 291 893 344 Jus
898 290 1026 325 suum,
1040 290 1117 329 quo
1130 277 1260 315 minus

149 333 184 371 ei
202 333 313 370 liceat
326 332 459 370 eudem
474 331 541 369 illa
554 332 731 370 facultate
745 339 782 369 et
791 332 902 383 copia
912 332 1054 382 vagari,
1071 331 1149 382 qua
1160 331 1263 369 velit.

150 387 334 438 Namque
351 386 448 423 iflud
467 399 599 436 quare,
613 386 794 433 Scaevola,
810 385 957 436 negasti
975 392 1012 423 te
1030 385 1146 423 fuisse
1162 385 1264 423 latu-

153 452 255 487 rum,
276 439 349 477 nisi
370 440 409 476 in
432 452 518 477 meo
529 452 659 500 ‘regno
677 452 786 486 esses,
800 438 910 491 quod
936 439 975 476 in
1000 438 1106 476 omni
1130 451 1266 489 genere

153 493 349 541 sermonis,
375 493 415 530 in
435 493 541 531 omni
558 501 664 544 parte
681 492 943 540 humanitatis,
964 492 1126 530 dixerim
1145 499 1267 531 orato-

153 559 235 585 rem
253 547 464 597 perfectum
483 560 561 585 esse
579 547 745 585 debere?
785 547 1015 597 Nunquam,
1036 545 1265 590 mehercule,

155 601 226 638 hoc
245 600 422 647 dicerem,
443 601 473 638 si
494 613 598 647 eum,
619 613 734 652 quem
753 601 871 650 fingo,
895 599 1086 651 meipsum
1106 612 1184 637 esse
1207 613 1267 637 ar-

155 654 324 692 bitrarer.
365 654 453 701 Sed,
483 663 527 692 ut
554 655 696 692 solebat
725 653 769 692 C.
802 653 973 691 Lucilius
1006 665 1104 704 saepe
1133 652 1268 697 dicere,

157 708 290 751 (homo
302 708 370 746 tibi
383 709 586 756 subiratus,
603 708 699 745 mihi
713 715 866 758 propter
880 719 964 745 cam
978 707 1102 758 ipsam
1116 719 1270 745 causam

159 762 302 809 minus,
319 775 436 813 quam
452 763 614 809 volebat,
630 761 840 808 familiaris,
857 760 922 798 sed
943 767 1070 798 tamen
1089 767 1126 798 et
1144 760 1275 798 doctus

160 822 197 853 et
213 818 467 866 perurbanus)
493 815 544 853 sic
563 816 696 861 sentio,
717 815 909 853 neminem
929 827 1007 852 esse
1025 814 1065 852 in
1080 822 1273 852 oratorum

160 882 321 907 numero
339 869 574 917 habendum,
595 869 662 920 qui
681 882 757 907 non
777 869 825 906 sit
850 868 1029 906 omnibus
1049 868 1096 906 iis
1113 868 1273 915 artibus,

162 936 249 973 quae
264 930 352 960 sunt
365 923 484 961 libero
498 923 638 973 dignae,
653 922 886 974 perpolitus;
908 922 1048 973 quibus
1066 921 1171 973 ipsis,
1186 921 1217 959 si
1235 921 1274 959 in

163 976 322 1014 dicendo
349 989 426 1015 non
456 977 617 1023 utimur,
647 984 774 1014 tamen
807 984 963 1027 apparet
994 982 1109 1027 atque
1138 983 1274 1021 exstat,

163 1037 294 1068 utrum
315 1030 433 1068 simus
452 1043 582 1068 earum
608 1030 733 1076 rudes,
758 1042 805 1067 an
832 1029 1086 1067 didicerimus.
1116 1029 1187 1077 Ut,
1209 1030 1277 1080 qui

164 1083 245 1135 pila
258 1084 411 1131 ludunt,
431 1097 507 1122 non
527 1091 688 1122 utuntur
702 1084 741 1121 in
755 1083 839 1135 ipsit
857 1083 1004 1121 lusione
1022 1082 1178 1121 artificio
1193 1096 1279 1134 pro—

166 1137 250 1189 prio
274 1138 479 1188 palaestraeg
510 1138 574 1176 sed
598 1138 740 1176 indicat
765 1138 844 1189 ipse
868 1144 1009 1182 motus,
1033 1136 1280 1174 didicerintne

168 1192 398 1242 palaestram,
419 1204 465 1229 an
493 1191 683 1229 nesciant:
714 1199 751 1229 et
776 1191 843 1242 qui
862 1191 1007 1241 aliquid
1026 1190 1191 1241 fingunt,
1212 1191 1282 1229 etsi

170 1252 254 1282 tum
273 1245 421 1296 pictura
440 1246 537 1283 nihil
556 1252 730 1292 utuntur,
747 1252 888 1292 tamen,
909 1252 1040 1282 utrum
1060 1244 1179 1282 sciant
1195 1244 1282 1296 pin-

168 1311 269 1348 gere,
291 1311 339 1336 an
355 1299 534 1345 nesciant,
550 1312 627 1337 non
646 1301 849 1337 obscurum
864 1305 939 1336 est:
970 1297 1035 1346 sic,
1050 1297 1091 1334 in
1105 1298 1282 1336 orationi-

168 1353 240 1389 bus
252 1352 353 1391 hisce
362 1353 453 1404 ipsis
461 1352 706 1402 judiciorum,
716 1353 955 1400 concionum,
965 1364 1027 1389 sen
1032 1353 1128 1399 atus,
1137 1351 1285 1390 etiamsi

170 1406 321 1457 proprie
335 1414 476 1445 caeterae
495 1419 571 1445 non
591 1406 818 1444 adhibentur
833 1412 943 1452 artes,
957 1412 1084 1443 tamen
1096 1405 1206 1443 facile
1220 1405 1284 1444 de-

166 1459 348 1507 claratur,
379 1468 510 1498 utrum
540 1461 585 1506 is,
617 1460 684 1512 qui
711 1460 824 1508 dicat,
854 1458 1120 1497 tantummodo
1147 1459 1185 1496 in
1214 1459 1286 1498 hoc

172 1512 438 1552 declamatorio
457 1515 504 1552 sit
522 1527 633 1565 opere
648 1515 825 1563 jactatus,
846 1525 895 1551 an
913 1513 962 1551 ad
980 1512 1184 1551 dicendum
1202 1525 1285 1552 om-

175 1566 288 1604 nibus
307 1567 481 1617 ingenuis
495 1569 638 1606 artibus
653 1568 857 1606 instructus
875 1566 1078 1604 accesserit.

228 1620 370 1659 XVII.
400 1621 507 1659 Tum
534 1622 658 1660 ridens
684 1622 865 1668 Scaevola,
895 1621 987 1659 Non
1014 1621 1198 1667 luctabor,
1227 1621 1286 1658 in-

176 1673 276 1725 quit,
297 1682 436 1722 tecum,
455 1676 601 1723 Crasse,
622 1675 812 1726 amplius:
842 1674 881 1712 id
907 1674 1009 1712 enim
1028 1673 1170 1724 ipsum,
1183 1675 1287 1725 quod

175 1734 305 1766 contra
323 1741 385 1766 me
402 1729 551 1767 locutus
570 1742 622 1775 es,
638 1728 795 1766 artificio
809 1727 976 1779 quodam
995 1740 1033 1765 es
1052 1734 1286 1774 consecutus,

176 1788 222 1818 ut
240 1788 277 1819 et
294 1782 404 1829 mihi,
425 1795 511 1833 quae
530 1796 599 1833 ego
618 1783 753 1820 vellem
772 1794 849 1819 non
869 1793 946 1819 esse
964 1780 1134 1827 oratoris,
1155 1793 1284 1819 conce-

179 1834 309 1880 deres3
341 1843 378 1873 et
407 1849 451 1873 ea
482 1836 576 1886 ipsa,
611 1836 734 1873 nescio
766 1834 972 1887 quomodo,
1001 1846 1131 1872 rursus
1163 1834 1286 1873 detor-

179 1902 326 1940 queres,
343 1897 457 1940 atque
470 1889 607 1927 oratori
621 1889 772 1940 propria
786 1889 960 1926 traderes.
992 1887 1101 1935 Haec,
1115 1900 1202 1926 cum
1219 1901 1289 1940 ego

179 1949 317 1993 praetor
330 1943 513 1981 Rhodum
530 1943 727 1991 venissem,
744 1949 780 1981 et
792 1955 879 1980 cum
895 1953 1046 1980 summo
1060 1941 1126 1979 ino
1141 1941 1290 1980 doctore

181 1996 288 2034 istius
307 1997 513 2048 disciplinae
535 1997 757 2049 Apollonio,
778 2009 835 2043 ea,
851 2010 938 2048 quae
955 2008 978 2033 a
998 1995 1168 2033 Panaetio
1186 2009 1289 2034 acce-

182 2063 326 2101 peram,
351 2051 615 2095 contulissem,
646 2051 759 2089 irrisit
784 2051 847 2088 illc
872 2049 1042 2101 quidem,
1070 2056 1113 2087 ut
1131 2049 1286 2097 solebat,

180 2104 472 2156 philosophiam,
493 2113 606 2156 atque
632 2104 855 2148 contelnsitz
884 2104 1082 2154 multaque
1107 2115 1184 2141 non
1211 2108 1289 2141 tam

179 2159 340 2207 graviter
359 2159 468 2207 dixit,
497 2172 613 2211 quam
638 2159 764 2197 facete.
807 2158 897 2196 Tua
922 2165 1050 2196 autem
1074 2156 1153 2196 fuit,
1169 2157 1288 2196 oratio
