1429 2344
149 66 228 104 418
249 65 326 105 DE
346 67 552 109 CLARIS
572 68 963 118 ORATORIBUS,
976 67 1081 107 CAP.
1097 67 1163 112 67.

149 174 385 224 magnitudo.
426 176 489 215 Sic
516 176 556 214 in
583 177 654 216 hoc
682 177 779 215 nihil
803 184 939 229 praeter
961 175 1147 214 actionem
1172 173 1261 222 fuit,

153 235 286 266 caetera
305 229 419 267 etiam
438 230 599 278 minora,
621 244 739 282 quam
758 231 797 269 in
817 231 1018 282 superiore.

206 281 385 320 LXVII.
420 283 481 322 M.
497 284 587 322 Piso
601 284 790 336 quidquid
807 284 955 331 habuit,
974 282 1110 322 habuit
1124 294 1172 320 ex
1185 280 1263 319 dis-

152 335 306 385 ciplina,
334 337 592 389 maximeque,
620 351 668 376 ex
694 339 872 377 omnibus
898 337 966 389 qui
983 345 1071 375 ante
1088 336 1259 382 fuerunt,

154 388 297 426 Graecis
316 389 494 429 doctrinis
513 392 682 430 eruditus
701 392 786 430 fuit.
835 389 986 430 Habuit
1004 403 1028 428 a
1044 390 1181 428 natura
1199 402 1266 440 ge-

152 454 224 480 nus
244 443 437 493 quoddam
456 446 641 484 acuminis
662 446 782 497 (quod
801 447 915 484 etiam
934 452 1013 483 arte
1033 444 1265 489 limaverat),

153 495 258 546 quod
276 505 354 535 erat
372 498 412 535 in
431 499 747 550 reprehendendis
766 500 888 538 verbis
910 505 1105 537 versutum
1131 504 1168 535 et
1193 496 1268 534 sol-

152 549 240 596 lers,
261 551 326 588 sed
344 565 442 603 saepe
461 554 755 600 stomachosum,
771 565 1050 604 nonnunquam
1066 550 1267 601 frigidum,

153 603 348 643 interdum
367 606 482 644 etiam
501 607 678 645 facetum.
720 608 760 645 Is
778 607 962 655 laborem,
983 605 1092 658 quasi
1114 616 1268 642 cursum

154 657 356 705 forensem,
377 659 520 698 diutius
540 673 617 699 non
636 661 738 708 tulit,
760 661 862 712 quod
881 668 918 699 et
936 672 1089 711 corpore
1113 665 1193 697 erat
1209 657 1271 695 in-

155 710 280 759 firmo,
301 720 339 750 et
356 713 559 752 hominum
579 715 739 766 ineptias
758 728 801 753 ac
824 714 1016 761 stultitias,
1043 725 1130 765 quae
1154 711 1270 749 devo-

153 765 282 803 randae
301 767 410 805 nobis
429 776 531 816 sunt,
548 781 624 806 non
639 769 796 816 ferebat,
812 767 1104 818 iracundiusque
1117 777 1271 816 respue-

154 820 234 867 bat,
254 819 332 858 sive
349 833 511 870 morose,
531 829 576 859 ut
597 824 816 873 putabatur,
841 822 919 861 sive
942 821 1109 872 ingenuo
1130 819 1270 857 libero-

154 885 229 923 que
254 873 417 913 fastidio.
465 876 506 914 Is
528 889 617 914 cum
636 876 724 914 satis
742 876 928 914 floruisset
946 875 1175 919 adolescens,
1194 871 1270 909 mi-

154 939 224 964 nor
248 927 379 966 haberi
404 936 459 967 est
486 937 628 980 coeptus
655 937 811 981 postea:
842 928 978 967 deinde
1006 941 1054 966 ex
1075 926 1269 978 virginum

151 979 295 1029 judicio
314 994 497 1034 magnam
514 984 670 1021 laudem
689 991 745 1022 est
763 983 947 1034 adeptus;
978 990 1015 1020 et
1034 995 1083 1020 ex
1101 994 1146 1019 eo
1170 988 1269 1018 tem-

154 1046 246 1083 pore
270 1036 379 1085 quasi
403 1043 598 1075 revocatus
623 1037 664 1074 in
690 1050 858 1084 cursum,
887 1036 1011 1074 tenuit
1035 1036 1165 1074 locum
1189 1040 1270 1071 tam

154 1086 236 1134 diu,
268 1101 386 1139 quam
415 1090 512 1128 ferre
538 1091 663 1141 potuit
686 1091 881 1129 laborem:
911 1097 1055 1141 postea,
1079 1094 1270 1141 quantum

154 1141 320 1179 detraxit
337 1156 385 1181 ex
404 1143 543 1191 studio,
563 1152 714 1182 tantum
732 1144 858 1182 amisit
877 1157 924 1181 ex
943 1143 1075 1194 gloria.

211 1195 256 1232 P.
277 1195 471 1244 Muraena,
492 1198 671 1236 mediocri
689 1198 855 1249 ingenio,
884 1197 949 1235 sed
976 1208 1118 1247 magno
1144 1193 1271 1234 studio

156 1261 284 1286 rerum
309 1258 496 1298 veterum,
519 1251 715 1289 literarum
735 1259 772 1290 et
790 1251 978 1289 studiosus
997 1257 1034 1288 et
1052 1262 1131 1288 non
1148 1249 1272 1300 impe-

157 1303 264 1350 ritus,
298 1305 432 1342 multae
459 1305 654 1343 industriae
682 1313 718 1343 et
749 1305 882 1356 magni
910 1303 1050 1342 laboris
1080 1303 1167 1340 fuit.
1206 1301 1271 1340 .C.

158 1356 388 1395 Censorinus
409 1358 551 1396 Graecis
576 1358 693 1396 literis
719 1359 807 1396 satis
832 1358 978 1405 doctus,
1007 1356 1111 1409 quod
1134 1368 1273 1407 propo-

158 1418 296 1458 suerat,
318 1412 509 1462 explicans
528 1412 714 1463 expedite,
735 1425 812 1450 non
833 1412 1055 1450 invenustus
1075 1417 1190 1458 actor,
1208 1408 1272 1447 sed

157 1463 270 1511 iners,
301 1472 337 1503 et
364 1465 540 1504 inimicus
567 1466 650 1504 fori.
692 1466 739 1503 L.
770 1465 929 1513 Turius,
958 1477 1075 1516 parvo
1101 1462 1270 1514 ingenio,

159 1518 224 1555 sed
242 1519 365 1556 multo
383 1519 525 1568 labore,
546 1532 701 1571 quoquo
720 1520 834 1557 modo
860 1526 1020 1570 poterat,
1049 1531 1147 1569 saepe
1173 1517 1273 1554 dice-

159 1572 236 1609 bat.
268 1572 405 1623 Itaque
425 1573 458 1611 ei
476 1587 607 1624 paucae
626 1573 804 1611 centuriae
822 1573 872 1610 ad
890 1573 1130 1611 consulatum
1141 1570 1274 1609 defue-

162 1631 263 1662 runt.

216 1679 260 1716 C.
283 1679 417 1717 Macer
435 1680 656 1718 auctoritate
675 1693 822 1730 semper
841 1680 958 1730 eguit,
976 1678 1041 1717 sed
1054 1677 1130 1716 fuit
1147 1684 1275 1728 patro·

163 1744 236 1770 nus
254 1733 531 1784 propemodum
557 1733 881 1784 diligentissimus.
931 1734 1063 1782 Hujus
1082 1731 1113 1770 si
1131 1731 1223 1777 vita,
1243 1729 1275 1767 si

161 1798 298 1832 mores,
327 1787 358 1824 si
377 1787 504 1825 vultus
524 1787 688 1838 denique
707 1800 783 1825 non
803 1800 958 1825 omnem
977 1784 1274 1824 commendatio-

162 1852 250 1877 nem
280 1841 423 1892 ingenii
455 1841 658 1889 evertisset,
689 1842 816 1890 majus
854 1852 994 1878 nomen
1033 1839 1073 1876 in
1103 1836 1272 1889 patronis

162 1893 305 1932 fuisset.
354 1895 446 1932 Non
473 1902 552 1932 erat
576 1894 788 1941 abundans,
809 1906 886 1931 non
905 1894 1014 1944 inops
1032 1899 1176 1938 tamen,
1196 1902 1273 1930 non

162 1947 272 1985 valde
291 1948 428 1995 nitens,
448 1960 524 1986 non
544 1948 657 1999 plane
674 1947 827 1986 horrida
844 1947 963 1985 oratio
976 1961 987 1983 ε
1019 1958 1106 1991 vox,
1131 1951 1274 1995 gestus,

162 2008 199 2038 et
217 2001 341 2039 omnis
360 2001 470 2048 actio,
492 2002 571 2039 sine
588 2002 743 2052 lepore;
773 2008 812 2038 at
838 2001 877 2037 in
903 1998 1152 2046 inveniendis,
1173 2009 1277 2035 com-

162 2055 421 2106 ponendisque
446 2057 558 2093 rebus
585 2055 683 2092 mira
708 2054 920 2098 accuratim
951 2061 994 2091 ut
1012 2065 1088 2090 non
1106 2051 1216 2089 facile
1233 2050 1274 2088 in

161 2107 242 2146 uno
257 2108 533 2159 diligentiorem
548 2109 808 2159 majoremque
822 2107 1063 2158 cognoverim
1076 2120 1091 2152 ς
1111 2105 1176 2144 sed
1188 2115 1275 2153 eam
