1407 2324
194 110 271 151 DE
291 109 499 150 CLARIS
518 108 907 157 ORATORIBUS,
928 109 1031 148 CAP.
1045 111 1109 148 90.
1139 110 1217 148 439

113 217 283 257 cionibus
296 216 556 256 audiebantur.
585 217 681 255 Erat
691 216 793 255 enim
811 216 986 254 tn‘bunus
999 215 1118 267 plebis
1133 223 1216 254 tum

115 271 162 310 C.
188 271 328 316 Curio;
358 283 593 322 quamquam
624 270 656 308 is
691 269 845 321 quidem
879 270 1024 316 silebat,
1056 277 1099 307 ut
1135 277 1215 307 erat

114 324 233 363 semel
267 337 290 362 a
325 323 500 362 concione
534 323 710 361 universa
743 323 904 361 relictus.
946 323 998 370 Q.
1032 322 1216 361 Metellus

117 377 242 425 Celer,
267 389 345 415 non
373 376 437 414 ille
464 377 618 428 quidem
643 383 780 423 orator,
808 376 872 414 sed
901 384 1027 414 tamen
1053 388 1128 413 non
1158 376 1218 413 in-

117 431 226 469 fans:
274 430 401 468 diserti
437 438 564 468 autem
597 429 648 476 Q.
687 429 840 477 Varius,
877 428 925 468 C.
963 430 1100 475 Carbo,
1141 430 1215 467 Cn.

118 483 377 534 Pomponius;
407 490 444 521 et
473 483 499 520 ii
527 483 680 534 quidem
717 483 939 520 habitabant
975 482 1014 519 in
1052 483 1212 520 Rostris.

114 537 231 576 Caius
250 536 363 574 etiam
379 536 524 583 Julius,
544 536 662 574 aedilis
688 536 841 582 curulis,
861 535 1028 586 quotidie
1052 535 1128 572 fere
1155 549 1216 573 ac-

112 597 261 629 curatas
291 589 484 628 conciones
517 589 702 627 habebat:
733 589 798 626 sed
830 601 892 626 me
929 588 1215 639 cupidissimum

115 642 295 681 audiendi
311 642 458 693 primus
484 642 590 680 dolor
613 642 807 693 percussit,
834 642 947 680 Cotta
965 654 1050 680 cum
1075 648 1130 679 est
1148 655 1214 679 ex-

112 696 256 747 pulsus.
285 695 468 746 Reliquos
481 696 693 747 frequenter
710 695 880 741 audiens,
895 694 1073 732 acerrimo
1092 694 1216 733 studio

113 750 292 794 tenebar;
321 748 563 800 quotidieque
582 757 619 786 et
645 748 821 795 scribens,
842 755 878 786 et
895 748 1036 797 legens,
1057 755 1094 785 et
1111 761 1214 785 com-

114 809 303 848 mentans,
323 802 490 840 oratoriis
509 808 658 839 tantum
677 801 1000 839 exercitationibus
1020 808 1215 839 contentus

112 866 190 894 non
218 867 334 893 eram.
378 855 471 892 Jam
500 863 749 906 consequente
775 867 873 892 anno
893 854 943 901 Q.
971 854 1125 900 Varius,
1146 855 1216 892 su'a

112 908 196 959 lege
213 907 429 955 damnatus,
449 915 665 946 excesserat.
706 907 792 957 Ego
810 914 952 953 autem,
969 907 1065 956 juris
1093 907 1212 945 civilis

112 960 251 1009 studio,
265 962 433 999 multum
444 973 566 1021 operae
577 961 714 999 dabam
734 961 785 1007 Q.
804 961 992 1006 Scaevolae,
1010 961 1055 998 P.
1070 961 1115 998 F.
1131 960 1212 1011 qui,

111 1027 348 1066 quamquam
365 1014 509 1051 nemim
537 1026 577 1051 se
607 1014 657 1051 ad
681 1013 892 1052 docendum
921 1013 1048 1060 dabat,
1068 1020 1212 1060 tamen,

109 1067 391 1106 consulentibus
408 1066 679 1118 respondendo,
699 1066 883 1104 studiosos
901 1066 1080 1104 audiendi
1106 1066 1217 1104 doce-

111 1121 189 1159 bat.
227 1121 356 1172 Atque
379 1120 470 1158 huic
501 1132 600 1158 anno
628 1119 837 1171 proximus,
865 1120 974 1158 Sulla
998 1120 1150 1157 consule
1178 1127 1216 1157 et

113 1173 311 1225 Pompeio,
330 1173 415 1211 fuit.
443 1173 550 1211 Tum
569 1173 616 1211 P.
639 1173 797 1223 Sulpicii
814 1173 852 1210 in
873 1172 1066 1210 tribunatu
1090 1173 1215 1223 quoti-

113 1225 176 1264 die
193 1226 444 1265 concionantis
463 1233 585 1264 totum
604 1238 723 1276 genus
741 1225 889 1263 dicendi
909 1225 1059 1276 penitus
1078 1238 1216 1275 cogno-

111 1278 260 1318 vimus:
281 1279 487 1329 eodemque
505 1286 686 1329 tempore,
701 1291 788 1316 cum
807 1278 979 1329 prInceps
995 1278 1215 1316 Academiae

113 1332 242 1379 Philo,
257 1344 346 1370 cum
365 1331 656 1370 Atheniensium
674 1331 932 1382 optimatibus,
952 1331 1216 1370 Mithridatico

112 1385 213 1424 bello
230 1384 344 1423 domo
370 1384 609 1436 profugisset,
630 1385 872 1435 Romamque
895 1384 1067 1431 venisset,
1091 1391 1216 1422 totum

112 1438 150 1477 ei
175 1450 238 1476 me
259 1437 411 1485 tradidi,
430 1437 644 1476 admirabili
670 1437 836 1488 quodam
863 1436 911 1475 ad
935 1437 1215 1488 philosophiam

113 1491 239 1529 studio
251 1490 480 1536 concitatus3
509 1490 549 1528 in
567 1504 643 1542 quo
661 1490 734 1529 hoc
751 1491 864 1528 etiam
881 1492 1140 1528 commorabar
1158 1497 1215 1528 at-

113 1543 270 1590 tentius,
289 1544 405 1595 quod,
425 1544 492 1582 etsi
509 1556 635 1581 rerum
653 1544 822 1595 ipsarum
841 1543 997 1581 varIetas
1016 1550 1052 1581 et
1065 1544 1214 1594 magni-

115 1597 208 1635 tudo
226 1596 379 1635 summ'a
395 1609 458 1635 me
481 1597 723 1635 delectatione
740 1597 947 1642 retinebat3
978 1603 1105 1634 tamen
1124 1599 1215 1635 sub-

114 1649 192 1689 lata
205 1651 288 1699 jam
306 1662 385 1688 esse
402 1649 442 1687 in
464 1657 689 1700 perpetuum
706 1650 800 1687 ratio
815 1649 1044 1699 judiciorum
1063 1650 1215 1688 videba-

115 1709 191 1741 tur.
219 1702 419 1742 Occiderat
436 1703 625 1754 Sulpicius
642 1703 708 1741 illo
726 1715 846 1748 anno3
876 1710 1024 1753 tresque
1040 1703 1215 1753 proximo

117 1756 234 1794 trium
253 1762 408 1793 aetatum
426 1763 587 1794 oratores
611 1762 718 1794 erant
737 1755 992 1794 crudelissime
1015 1755 1213 1803 interfecti,

116 1809 170 1856 Q.
193 1808 368 1857 Catulus,
387 1809 448 1847 M.
468 1809 675 1857 Antonius,
701 1809 748 1848 C.
775 1809 918 1847 Julius.
949 1808 1097 1846 Eodem
1115 1821 1215 1846 anno

115 1862 230 1901 etiam
257 1861 409 1900 Moloni
434 1862 596 1900 Rhodio·
617 1863 754 1900 Romae
779 1862 953 1900 dedimus
981 1873 1148 1912 operam,
1177 1868 1214 1900 et

116 1915 231 1956 actori
248 1927 399 1953 summo
413 1927 625 1963 causarum,
645 1922 682 1953 et
698 1915 888 1966 magistro.

171 1967 260 2007 XC.
289 1968 386 2006 Haec
414 1968 482 2006 etsi
511 1968 685 2006 videntur
709 1981 786 2006 esse
813 1981 836 2006 a
863 1966 1054 2019 proposita
1071 1967 1216 2006 ratione

115 2020 275 2068 diversa,
294 2027 421 2059 tamen
438 2020 573 2060 idcirco
591 2034 615 2059 a
631 2034 694 2059 me
711 2021 966 2072 proferuntur,
981 2027 1025 2058 ut
1042 2028 1213 2058 nostrum

116 2085 268 2112 cursum
294 2074 514 2125 perspicere,
540 2074 721 2125 quoniam
740 2075 904 2121 voluisti,
923 2075 1058 2120 Brute,
1077 2074 1210 2124 possis,

118 2127 226 2177 (nam
245 2125 372 2166 Attico
389 2127 470 2168 haec
493 2134 583 2167 nota
609 2134 717 2178 sunt)
739 2134 777 2167 et
807 2127 946 2177 videre,
964 2126 1212 2180 quemadmo-
