1407 2308
267 72 343 113 DE
373 71 666 121 ORATORE,
699 73 797 112 Lm.
817 73 849 111 1.
879 72 983 112 Car.
1004 74 1064 111 18.
1142 74 1209 111 141

112 179 312 229 ejusmodi,
328 192 403 218 non
416 187 459 218 ut
471 180 589 219 ullam
604 187 721 218 artem
736 179 990 219 doctrinamve
1001 187 1215 219 contemne-

112 246 184 281 res,
200 234 264 272 sed
282 241 325 271 ut
343 246 472 272 omnes
497 234 650 272 comites
674 247 717 272 ac
742 234 931 271 ministras
955 234 1109 272 oratoris
1135 246 1213 272 esse

112 286 262 325 diceres.
292 288 400 335 Quas
418 300 501 338 ego,
522 288 553 324 si
571 287 654 338 quis
668 288 714 325 sit
725 299 823 325 unus
835 287 1054 338 complexus
1068 300 1212 335 omnes,

111 339 289 392 idemque
307 341 338 378 si
351 341 399 378 ad
418 353 478 378 eas
498 340 715 378 facultatem
736 340 846 378 istam
869 340 1114 378 ornatissimae
1132 353 1215 378 ora-

111 393 222 432 tionis
240 394 479 443 adjunxerit3
510 407 585 432 non
601 407 753 445 possum
768 394 902 440 dicere,
919 407 1007 432 eum
1018 406 1095 432 non
1110 406 1214 444 egre-

111 446 220 496 gium
239 447 443 498 quemdam
468 447 661 485 hominem
680 456 794 498 atque
818 447 1083 484 admirandum
1109 447 1212 485 fore:

111 499 176 537 sed
201 499 246 548 is,
267 501 297 538 si
317 501 383 552 qui
402 507 508 549 esset,
529 508 595 538 aut
613 501 643 538 si
663 501 775 538 etiam
794 513 966 551 unquam
984 500 1128 548 fuisset,
1148 507 1216 538 aut

112 565 199 590 vero
217 554 248 591 si
267 567 344 592 esse
362 561 497 605 posset,
513 561 553 592 tu
567 567 661 592 esses
676 567 774 591 unus
788 554 953 604 profecto
967 567 978 598 ς
1000 553 1066 604 qui
1081 561 1118 591 et
1131 566 1217 591 meo

109 606 266 654 judicio,
302 614 338 645 et
369 607 556 655 omnium,
588 608 650 645 vix
685 608 804 644 ullam
837 607 976 645 caeteris
1008 607 1217 645 oratoribus

115 663 223 710 (pace
245 660 382 698 horum
409 660 585 705 dixerim)
611 660 763 698 laudem
789 660 983 711 reliquisti.
1014 660 1161 698 Verum
1187 659 1219 698 si

113 711 274 764 tibiipsi
296 714 392 751 nihil
410 713 525 762 deest,
547 714 649 765 quod
672 713 712 751 in
735 713 942 751 forensibus
962 715 1073 751 rebus
1101 713 1219 751 civili-

114 767 260 818 busque
279 774 458 815 versetur,
479 767 572 818 quin
592 767 698 814 scias,
719 779 842 817 neque
860 779 943 804 eam
958 773 1086 804 tamen
1101 766 1219 804 scien-

114 819 221 868 tiam,
241 833 359 872 quam
383 820 558 870 adjungis
580 820 730 867 oratori,
755 820 977 871 complexus
1002 832 1064 864 es;
1095 819 1220 857 videa-

113 885 214 921 mus,
242 886 290 912 ne
316 874 403 924 plus
430 873 464 913 ei
491 873 646 922 tribuas,
676 885 794 924 quam
821 885 878 911 res
905 879 942 911 et
971 872 1106 911 veritas
1135 873 1218 924 ipsa

116 926 305 965 concedat.

166 979 246 1018 Hic
265 980 435 1029 Crassus,
463 978 677 1028 Memento,
697 979 836 1030 inquit,
855 992 918 1017 me
942 992 1019 1017 non
1044 978 1091 1018 de
1115 979 1217 1028 mea,

112 1032 177 1070 sed
196 1033 243 1071 de
260 1034 428 1082 oratoris,
444 1033 622 1071 facultate
642 1033 791 1071 dixisse.
820 1032 928 1080 Quid
947 1033 1048 1071 enim
1068 1045 1135 1071 nos
1151 1041 1218 1071 aut

113 1085 328 1135 didicimus,
347 1094 414 1125 aut
431 1087 523 1124 scire
541 1087 748 1137 potuimus,
765 1086 832 1138 qui
851 1093 937 1124 ante
950 1086 999 1124 ad
1011 1086 1216 1136 agendum,

113 1152 230 1190 quam
260 1140 308 1178 ad
337 1140 652 1190 cognoscendum,
685 1140 883 1185 venimus;
925 1152 1019 1191 quos
1049 1140 1089 1177 in
1121 1139 1217 1188 foro,

113 1205 208 1243 quos
226 1193 266 1230 in
285 1193 504 1241 ambitione,
521 1206 615 1244 quos
629 1193 669 1230 in
683 1193 890 1244 republica,
911 1206 1006 1244 quos
1019 1192 1060 1230 in
1079 1193 1219 1232 amico-

112 1258 200 1283 rum
218 1247 391 1297 negotiis,
411 1259 468 1285 res
485 1247 567 1298 ipsa
585 1254 672 1284 ante
690 1246 861 1292 confecit,
886 1259 1002 1297 quam
1024 1258 1218 1296 possemus

112 1299 257 1351 aliquid
268 1300 315 1338 de
329 1302 440 1338 rebus
453 1300 567 1338 tantis
579 1299 785 1350 suspicari?
815 1299 931 1346 Quod
943 1299 974 1337 si
988 1299 1056 1337 tibi
1068 1306 1218 1337 tantum

113 1352 154 1389 in
172 1353 279 1391 nobis
298 1353 445 1390 videtur
463 1366 554 1401 esse,
571 1353 709 1403 quibus
725 1352 870 1390 etiamsi
883 1352 1080 1402 ingenium
1100 1355 1160 1395 (ut
1174 1360 1216 1390 tu

114 1412 242 1456 putas)
262 1418 338 1444 non
360 1406 529 1443 maxime
547 1406 682 1453 defuit,
703 1405 871 1443 doctrina
889 1412 1000 1453 certe,
1025 1412 1062 1442 et
1079 1405 1217 1453 otium,

117 1465 167 1506 et,
188 1459 352 1507 hercule,
373 1459 487 1497 etiam
506 1459 675 1497 studium
694 1458 791 1496 illud
809 1458 976 1496 discendi
994 1458 1220 1496 acerrimum

116 1511 265 1558 defuit3
295 1511 389 1564 quid
418 1525 557 1560 censes,
589 1512 634 1559 si,
665 1511 713 1549 ad
749 1511 908 1560 alicujus
936 1512 1133 1562 ingenium
1162 1512 1222 1550 vel

116 1566 256 1615 majus,
277 1565 356 1614 illa,
377 1579 463 1617 quae
478 1578 547 1616 ego
565 1577 641 1603 non
653 1565 775 1615 attigi,
792 1565 1040 1604 accesserint?
1068 1565 1221 1620 qualem

116 1618 227 1656 illum
247 1625 283 1656 et
302 1626 489 1670 quantum
508 1626 692 1656 oratorem
710 1618 884 1656 futurum
899 1620 917 1656 Σ)

169 1671 336 1710 XVIII.
356 1672 463 1709 Tum
475 1671 682 1718 Antonius,
697 1672 840 1709 Probas
854 1671 963 1719 mihi,
979 1671 1117 1724 inquit,
1133 1671 1219 1720 ista,

117 1725 264 1773 Crasse,
277 1739 363 1777 quae
374 1725 466 1763 dicis
479 1739 490 1762 z
520 1737 588 1762 nec
599 1724 745 1772 dubito,
759 1724 850 1775 quin
866 1725 988 1763 multo
1001 1725 1223 1775 locupletior

117 1779 158 1816 in
177 1778 333 1817 dicendo
351 1778 503 1816 futurus
521 1777 581 1825 sit,
603 1778 634 1816 si
656 1777 741 1829 quis
764 1777 937 1816 omnium
961 1791 1088 1816 rerum
1107 1785 1222 1829 atque

118 1831 258 1869 artium
282 1832 466 1869 rationem
491 1838 743 1882 naturamque
766 1831 1102 1881 comprehenderit.
1131 1830 1220 1878 Sed,

118 1885 302 1935 primum,
322 1885 362 1922 id
380 1884 530 1923 difficile
548 1891 604 1922 est
614 1884 729 1931 factu,
741 1882 949 1934 ‘praesertim
960 1884 1000 1921 in
1011 1885 1082 1922 hac
1096 1885 1224 1921 nostra

119 1937 211 1986 vita,
235 1938 444 1989 nostrisque
468 1937 797 1988 occupationibus:
828 1937 963 1974 deinde
987 1937 1084 1974 illud
1109 1936 1223 1976 etiam

120 1990 326 2028 verendum
346 1998 414 2038 est,
434 2003 482 2028 ne
503 1991 767 2029 abstrahamur
784 1991 832 2028 ab
855 1990 926 2027 hac
945 1989 1220 2037 exercitatione,

121 2050 158 2081 et
182 2043 450 2082 consuetudine
477 2043 625 2081 dicendi
654 2043 827 2094 populari
857 2050 894 2081 et
915 2042 1063 2081 forensi.
1100 2042 1224 2081 Aliud

122 2095 223 2134 enim
255 2097 351 2135 mihi
385 2096 578 2149 quoddam
608 2109 727 2147 genus
755 2095 931 2135 orationis
968 2108 1046 2133 esse
1078 2094 1226 2133 videtur

122 2161 254 2188 eorum
291 2150 505 2197 hominum,
545 2150 590 2188 de
636 2149 774 2201 quibus
811 2149 924 2199 paulo
961 2155 1046 2186 ante
1084 2147 1225 2198 dixisti,
