1407 2308
225 68 304 108 DE
333 68 626 119 0RATORE,
657 70 755 110 Lm.
776 70 835 109 11.
864 69 969 109 CAP.
985 70 1050 108 33.
1112 69 1190 113 227

93 181 145 221 ω,
165 181 210 213 ut
225 174 396 215 homines
415 176 578 216 eruditos
596 177 846 228 redarguam3
876 189 1114 228 quamquam
1132 175 1192 214 re-

94 228 352 278 prehendendi
379 238 480 278 sunt,
509 231 589 281 qui,
617 232 657 268 in
684 244 820 292 genere
847 230 1073 277 definiendo,
1101 230 1193 267 istas

95 293 224 319 causas
244 283 482 321 describunt
472 297 511 321 in
526 285 691 335 personis
706 292 742 322 et
761 285 800 322 in
814 284 1044 335 temporibus
1057 283 1196 334 positas

95 346 184 372 esse.
216 335 320 373 Nam
340 337 407 374 etsi
422 337 620 375 incurrunt
634 346 804 399 tempora
817 346 854 376 et
871 350 1051 389 personae,
1066 344 1195 374 tamen

94 387 384 439 intelligendum
404 398 471 438 est,
492 403 568 429 non
587 405 633 429 ex
652 392 710 438 115,
727 391 792 429 5οᾱ
806 405 852 430 ex
870 404 1004 441 genere
1022 390 1196 441 quaestio-

94 440 167 487 nis,
187 442 350 492 pendere
368 456 508 482 causas.
538 445 613 483 Sed
631 445 701 483 hoc
720 445 816 482 nihil
842 445 890 482 ad
915 457 989 482 me.
1028 444 1196 482 Nullum

98 495 200 532 enim
219 497 326 534 nobis
352 504 540 535 certamen
566 511 653 536 cum
679 498 758 536 istis
784 511 860 536 esse
885 498 996 536 debet
1020 503 1195 534 tantum.

97 548 185 586 satis
204 556 259 586 est
277 549 463 610 inteujgi,
467 563 514 588 ne
526 552 597 589 hoc
612 552 766 602 quidem
781 565 842 590 eos
857 558 1084 598 consecutos,
1098 549 1201 600 quod

94 600 135 638 in
164 608 268 640 tanto
296 603 385 650 otio,
416 604 528 642 etiam
557 605 637 642 sine
661 605 731 643 hac
760 603 898 642 forensi
922 603 1198 651 exercitatione,

96 654 238 692 efficere
266 664 486 706 potuerunt,
516 664 561 695 ut
596 671 734 708 genera
768 671 895 696 rerum
931 658 1194 703 discernerent,

97 720 215 758 eaque
241 709 356 758 paulo
384 710 558 748 subtilius
587 712 827 762 explicarent.
866 711 1014 749 Verum
1041 710 1112 747 hoc
1138 711 1198 752 (ut

96 760 193 820 dixi)
214 762 310 799 nihil
328 762 384 800 ad
394 776 468 801 me.
497 764 604 801 Illud
622 765 670 801 ad
688 778 764 812 me,
785 778 827 802 30
844 764 967 802 multo
986 763 1099 801 etiam
1116 774 1199 799 ma-

96 813 154 863 gis
179 814 227 851 ad
246 828 324 863 VOS,
345 816 458 854 Cotta
483 824 607 854 noster
626 824 663 854 et
681 817 849 867 Sulpici·
881 816 1071 868 quomodo
1095 827 1199 853 nunc

96 879 135 904 se
153 867 311 905 istorum
330 875 425 907 artes
444 870 598 916 habent,
614 870 910 920 pertimescenda
925 875 979 906 est
992 868 1200 906 multitudo

96 932 319 958 causarum:
351 929 406 960 est
423 923 524 960 enim
542 923 704 970 infinita,
725 923 756 960 si
773 922 813 959 in
830 922 997 972 personis
1014 921 1195 972 ponitur·
1183 949 1196 966 ,

97 981 190 1023 quot
208 973 394 1022 homines,
414 983 470 1013 tot
487 988 631 1013 causae:
662 976 719 1012 sin
738 974 786 1012 ad
804 987 986 1024 generum
1004 974 1198 1012 universas

96 1026 319 1076 quaestiones
337 1028 574 1073 referuntur;
603 1028 657 1065 ita
669 1028 828 1065 modicae
841 1034 878 1066 et
892 1041 1022 1078 paucae
1040 1034 1142 1075 sunt,
1155 1034 1200 1065 ut

97 1091 158 1116 eas
177 1092 321 1127 omnes,
341 1081 553 1131 diligentes,
574 1088 611 1118 et
628 1094 829 1129 memores,
851 1088 887 1118 et
906 1081 1019 1119 sobrii
1036 1088 1199 1118 oratores

95 1145 290 1182 percursas
309 1134 449 1181 animo,
471 1141 521 1182 et,
541 1147 658 1185 prope
676 1134 813 1182 dicam,
834 1134 1046 1172 decantatas
1063 1134 1201 1171 habere

96 1185 281 1231 debeant,
271 1201 281 1210 ·
310 1187 383 1224 nisi
405 1187 501 1225 forte
525 1187 761 1235 existimatis,
787 1200 811 1225 a
829 1187 890 1224 Μ’
905 1187 1021 1225 Curio
1047 1199 1199 1225 causam

97 1238 269 1277 didicisse
283 1240 330 1277 L.
347 1240 541 1289 Crassum,
556 1247 593 1278 et
611 1241 656 1278 03
674 1254 714 1279 re
731 1241 855 1278 multa
868 1240 1049 1287 attulisse,
1065 1252 1201 1291 quam-

98 1294 243 1339 obrem,
257 1300 434 1344 postumo
458 1306 536 1331 non
559 1301 662 1339 nato,
683 1294 846 1332 Curium
864 1300 992 1331 tamen
1010 1293 1200 1331 haeredem

99 1344 260 1395 Coponii
279 1359 356 1384 esse
373 1353 571 1397 oporteret.
601 1347 714 1384 Nihil
731 1347 780 1384 ad
798 1346 945 1397 copiam
960 1353 1201 1396 argumento-

99 1411 202 1445 rum,
222 1411 344 1450 neque
363 1399 412 1436 ad
425 1412 547 1437 causae
565 1400 643 1437 vim
658 1413 700 1438 ac
718 1407 908 1447 naturam,
924 1412 1062 1437 nomen
1077 1399 1202 1450 Copo-

98 1451 153 1488 nii
171 1459 237 1489 aut
256 1452 363 1490 Curii
387 1453 580 1502 pertinuit.
610 1453 660 1490 In
685 1466 820 1503 genere
848 1460 926 1491 erat
950 1453 1124 1491 universo
1148 1452 1202 1490 rei

99 1505 330 1556 negotiique,
364 1517 441 1543 non
473 1506 513 1542 in
545 1513 719 1567 tempore
744 1519 787 1544 ac
816 1506 1048 1554 nominibus,
1079 1505 1202 1544 omnis

100 1558 280 1608 quaestio:
304 1558 406 1596 Cum
421 1559 602 1610 scriptum
620 1560 674 1597 ita
692 1560 752 1607 sit,
776 1560 803 1582 ‘⁶
819 1559 851 1597 si
867 1560 964 1597 mihi
977 1560 1078 1597 filius
1095 1559 1202 1609 geni-

101 1618 177 1658 tur,
197 1611 304 1662 isque
322 1612 427 1662 prius
445 1613 648 1660 moritur,”
670 1619 707 1650 et
724 1619 870 1660 caetera,
901 1615 929 1635 “
944 1620 1028 1650 tum
1046 1619 1090 1650 ut
1106 1611 1203 1649 mihi

99 1664 164 1701 ille
193 1664 241 1702 sit
264 1665 381 1702 haeres
394 1665 434 1702 :''
463 1665 494 1702 si
518 1672 630 1703 natus
662 1666 763 1704 filius
792 1678 868 1703 non
894 1666 956 1713 sit,
985 1665 1203 1704 videaturne

99 1716 146 1765 is,
166 1717 234 1767 qui
252 1718 330 1756 filio
347 1726 498 1757 mortuo
511 1718 705 1757 institutus
723 1719 840 1757 haeres
855 1719 916 1766 sit,
935 1718 1054 1756 haeres
1072 1731 1162 1756 esse.

153 1769 363 1809 XXXIII.
394 1772 601 1823 Perpetui
587 1772 683 1821 Juris
701 1779 738 1810 et
758 1772 923 1810 universi
940 1771 1085 1822 generis
1100 1784 1204 1821 quae-

101 1822 172 1861 stio
190 1836 266 1862 non
284 1825 485 1862 hominum
503 1826 672 1873 nomina,
698 1825 764 1863 sed
780 1825 964 1863 rationem
985 1824 1146 1872 dicendi,
1167 1830 1204 1861 et

100 1884 410 1926 argumentorum
435 1878 570 1927 fontes,
595 1879 790 1917 desiderat.
824 1879 873 1916 In
901 1891 978 1929 quo
1003 1878 1116 1916 etiam
1142 1876 1205 1914 isti

101 1941 170 1966 nos
185 1930 442 1992 jurisconsulti
454 1931 680 1982 impediunt,
697 1945 720 1969 3
737 1931 987 1982 discendoque
1005 1931 1202 1968 deterrent.

103 1981 228 2021 Video
252 1984 368 2032 enim,
394 1985 435 2022 in
461 1984 616 2023 Catonis
641 1992 679 2023 et
698 1985 813 2023 Bruti
838 1985 957 2031 libris,
977 1982 1204 2021 nominatim

102 2033 179 2072 fere
196 2036 338 2084 referri,
358 2037 451 2088 quid
476 2039 590 2076 alicui
614 2038 661 2076 de
682 2039 768 2087 jure
786 2038 865 2077 viro
883 2044 949 2074 aut
967 2036 1119 2074 mulieri
1143 2047 1203 2073 re-

100 2088 343 2147 sponderint3
372 2091 495 2139 credo,
510 2099 554 2129 ut
570 2099 804 2142 putaremus,
819 2091 861 2128 in
879 2089 1111 2136 hominibus,
1127 2099 1205 2126 non

101 2140 141 2178 in
159 2153 212 2190 re,
227 2144 508 2184 conmutationis
524 2151 591 2184 aut
604 2144 848 2184 dubitationis
861 2155 1014 2183 causam
1027 2142 1196 2195 aliquam
