1429 2344
215 45 288 83 184
371 45 448 84 DE
478 45 771 94 ORATORE,
795 47 891 85 Lm.
918 46 950 85 Ι.
974 47 1076 85 CAl’.
1094 47 1157 84 58.

208 152 239 189 si
255 159 295 190 tu
311 160 377 190 aut
396 153 583 191 haeredem
603 161 669 191 aut
687 154 847 192 militem
866 154 1106 202 defendisses,
1121 153 1170 190 ad
1185 152 1319 190 Hosti-

205 204 326 243 lianas
348 213 384 244 te
402 206 579 253 actiones,
599 219 675 245 non
695 207 743 245 ad
762 215 868 246 tuam
887 208 964 246 vim
987 215 1023 246 et
1041 207 1241 245 oratoriam
1260 206 1317 243 fa-

206 259 401 307 cultatem,
425 260 654 298 contulisses.
688 261 754 298 Tu
780 274 880 310 vero,
907 262 966 300 vel
992 262 1023 300 si
1048 267 1316 299 testamentum

205 312 436 361 defenderes,
457 313 509 350 sic
528 326 669 364 ageres,
690 322 734 352 ut
751 327 864 354 omne
882 315 1055 353 omnium
1075 320 1316 352 testamento-

204 378 290 403 rum
307 366 372 414 jus
390 366 430 404 in
450 379 493 404 eo
508 367 652 416 judicio
669 368 836 418 positum
856 368 1067 414 videretur;
1097 368 1156 405 vel
1175 367 1206 405 si
1224 380 1313 405 cau-

203 431 286 456 sam
304 432 432 469 ageres
451 420 596 469 militis,
621 429 767 471 patrem
794 423 874 471 ejus
901 425 961 465 (ut
985 422 1096 469 soles)
1116 421 1273 459 dicendo
1291 433 1314 457 a

202 473 363 510 mortuis
378 473 575 512 excitasses
591 488 602 520 ς
624 475 813 513 statuisses
828 483 914 513 ante
928 476 1074 514 oculos:
1093 475 1314 526 complexus

201 532 296 564 esset
321 526 460 575 filium,
481 528 650 579 flensque
670 542 757 566 eum
784 529 1025 567 centumviris
1051 528 1312 567 commendas-

201 586 280 618 set:
311 580 469 630 lapides,
501 581 729 630 mehercule,
760 595 891 621 omnes
921 583 1009 620 flere
1037 595 1080 620 ac
1108 581 1308 620 lamentari

199 633 394 683 coegisset,
414 641 457 672 ut
476 642 598 673 totum
617 635 727 684 illud,
750 638 777 658 ‘⁶
791 636 848 674 uti
865 636 998 686 lingua
1011 635 1309 686 nuncupasset,”

199 699 277 726 non
296 687 337 724 in
356 687 457 725 XII.
474 689 627 736 tabulis,
642 703 736 740 quas
751 697 792 727 tu
806 690 982 728 omnibus
996 688 1231 727 bibliothecis
1243 701 1310 726 an-

199 740 358 791 teponis,
380 741 445 779 sed
463 742 503 780 in
521 743 693 793 magistri
711 744 890 792 carmine,
907 743 1090 794 scriptum
1109 742 1308 781 videretur.

253 794 415 833 LVIII.
446 796 552 833 Nam
583 797 686 847 quod
717 797 891 841 inertiam
919 810 1070 836 accusas
1097 796 1310 835 adolescen-

199 847 312 897 tium,
344 849 411 900 qui
444 849 556 887 istam
588 857 722 899 artem,
761 851 930 901 primum
962 850 1199 896 facillimam,
1233 862 1310 887 non

199 902 391 949 ediscant,
421 916 507 956 quae
526 917 643 955 quam
663 904 711 942 sit
728 904 861 954 facilis,
878 905 935 943 illi
948 904 1122 952 viderint,
1143 904 1210 955 qui
1229 904 1311 952 ejus

196 955 287 993 artis
301 957 529 1006 arrogantia,
550 958 658 1008 quasi
677 957 900 996 difficillima
914 958 974 1007 sit,
991 958 1044 996 ita
1059 957 1212 995 subnixi
1226 969 1308 994 am-

197 1010 359 1056 bulantg
389 1010 524 1048 deinde
539 1012 653 1049 etiam
672 1018 714 1049 tu
729 1011 809 1063 ipse
828 1012 978 1061 videris,
999 1011 1066 1063 qui
1085 1024 1169 1049 eam
1188 1017 1308 1049 artem

194 1063 346 1101 facilem
359 1076 436 1101 esse
448 1064 552 1113 dicis,
570 1078 687 1116 quarn
699 1066 869 1105 concedis
880 1066 1005 1104 adhuc
1019 1072 1138 1103 artem
1151 1064 1307 1103 omnino

195 1129 272 1157 non
293 1130 385 1166 esse,
407 1118 471 1155 sed
489 1119 708 1170 aliquando,
729 1119 760 1169 si
779 1120 865 1171 quis
883 1119 998 1157 aliam
1020 1125 1141 1158 artem
1167 1118 1307 1156 didice-

194 1171 258 1219 rit,
274 1178 318 1208 ut
329 1171 427 1209 hanc
441 1178 561 1210 artem
576 1172 718 1211 efficere
732 1173 862 1234 possit,
876 1180 960 1211 tum
975 1186 1052 1211 esse
1064 1172 1171 1210 1113111
1185 1178 1304 1210 artem

193 1224 391 1262 futuram:
422 1225 570 1276 deinde,
601 1226 703 1278 quod
731 1227 779 1265 sit
812 1228 925 1278 plena
954 1225 1233 1266 delectationis:
1263 1225 1303 1263 in

192 1292 273 1330 qua
291 1279 360 1317 tibi
378 1279 577 1318 remittunt
594 1293 724 1318 omnes
743 1280 855 1319 istam
874 1281 1123 1333 voluptatem,
1148 1286 1184 1317 et
1203 1292 1248 1317 ea
1265 1292 1304 1316 se

192 1344 318 1370 carere
341 1333 562 1384 patiuntur-3
593 1346 661 1372 nec
687 1334 890 1386 quisquam
915 1341 970 1372 est
995 1346 1141 1381 eorum,
1168 1332 1249 1384 qui,
1273 1332 1304 1369 si

189 1387 273 1434 jam
293 1386 340 1424 sit
359 1386 601 1425 ediscendum
627 1388 698 1426 sibi
723 1388 882 1440 aliquid,
909 1400 986 1426 non
1011 1387 1208 1425 Teucrum
1227 1386 1303 1424 Pa-

191 1439 293 1478 cuvii
305 1441 413 1477 malit
416 1454 554 1492 ,quam
567 1441 801 1481 Manilianas
815 1441 1007 1480 venalium
1019 1440 1302 1479 vendendorum

192 1493 307 1543 leges,
323 1494 494 1533 ediscere.
515 1495 622 1532 Tum
637 1503 766 1534 autem
781 1495 884 1547 quod
895 1508 1021 1533 amore
1035 1494 1166 1546 patriae
1177 1505 1303 1532 censes

191 1559 260 1584 nos
280 1555 493 1586 nostrorum
513 1550 704 1597 majorum
729 1549 882 1588 inventa
906 1551 1014 1587 nosse
1033 1549 1167 1587 debere
1182 1561 1195 1593 3
1212 1559 1301 1585 fnon

191 1599 309 1648 vides,
331 1609 471 1639 veteres
489 1603 591 1652 leges
610 1609 676 1641 aut
693 1602 793 1653 ipsas
813 1602 882 1641 sua
907 1608 1091 1641 vetustate
1115 1613 1298 1640 consenu-

190 1653 275 1702 isse,
307 1661 374 1692 aut
403 1655 510 1692 novis
539 1656 687 1706 legibus
718 1669 795 1696 esse
825 1656 1023 1695 sublatas?
1063 1654 1180 1702 Quod
1213 1667 1300 1692 vero

188 1707 287 1745 viros
316 1709 434 1747 bonos
459 1709 546 1757 jure
575 1710 677 1748 civili
705 1709 785 1748 fieri
813 1716 939 1761 putas,
969 1709 1060 1761 quia
1087 1708 1235 1758 legibus
1263 1715 1300 1745 et

187 1760 345 1811 praemia
362 1762 553 1812 proposita
578 1763 653 1800 sint
671 1763 873 1802 virtutibus
898 1770 935 1800 et
959 1761 1145 1813 supplicia
1170 1760 1294 1799 vitiis·
1283 1789 1295 1806 ‚

187 1814 371 1875 equidem
401 1817 599 1864 putabam,
638 1816 815 1854 virtutem
848 1816 1067 1854 hominibus
1101 1814 1149 1861 (51
1180 1813 1296 1852 modo

185 1867 283 1904 tradi
302 1868 445 1905 ratione
470 1869 602 1918 possit)
621 1869 852 1907 instituendo
871 1877 907 1907 et
925 1867 1198 1919 persuadendo,
1218 1879 1296 1905 non

183 1920 298 1958 minis
313 1928 350 1959 et
364 1921 401 1959 vi
416 1934 458 1959 ac
470 1929 589 1969 metu,
604 1922 712 1960 tradi.
743 1922 849 1960 Nam
867 1922 994 1973 ipsum
1010 1921 1166 1973 quidem
1181 1920 1292 1968 illud,

182 1974 298 2012 etiam
316 1974 397 2012 sine
422 1974 633 2024 cognitione
653 1974 762 2023 juris,
783 1988 900 2026 quam
920 1975 968 2013 sit
992 1976 1138 2013 bellum
1163 1986 1293 2012 cavere

180 2028 344 2075 malum,
366 2027 456 2065 scire
474 2039 687 2077 possumus.
717 2026 779 2064 De
797 2039 859 2065 me
878 2034 1006 2065 autem
1024 2027 1119 2078 ipso,
1141 2026 1203 2065 cui
1222 2027 1290 2064 uni

178 2088 221 2119 tu
240 2080 423 2129 concedis,
443 2087 500 2128 ut,
522 2080 601 2119 sine
620 2080 700 2118 ulla
714 2080 811 2128 juris
830 2080 997 2129 scientia,
1019 2087 1146 2118 tamen
1166 2079 1309 2123 causis*>

175 2133 384 2176 satisfacere
402 2134 557 2185 possim,
573 2134 644 2173 tibi
663 2133 747 2183 hoc,
762 2133 907 2183 Crasse,
924 2133 1144 2186 respondeo,
1164 2145 1289 2185 neque
