1429 2344
156 71 237 110 236
303 67 382 108 DE
411 65 709 116 ORATORE‚
740 66 840 105 LIB.
858 65 916 105 ΙΙ,
945 65 1050 106 CAP.
1067 66 1131 105 42.

159 185 347 218 oratorem
378 175 544 226 effugere
574 174 705 226 possit,
738 187 816 212 non
847 174 962 213 modo
991 174 1032 213 in
1064 172 1276 213 forensibus

160 230 510 283 disceptationibus,
531 229 597 267 sed
615 227 770 266 omnino
795 228 836 266 in
861 229 942 267 ullo
963 241 1098 279 genere
1116 226 1277 267 dicendi.

162 286 205 325 Si
223 298 310 324 vero
329 290 561 335 assequetur,
588 289 633 320 ut
657 282 742 320 talis
769 281 953 330 videatur,
980 282 1134 333 qualem
1160 295 1199 320 se
1220 281 1276 319 vi-

161 340 242 378 deri
270 338 374 387 velit,
406 345 442 375 et
467 336 613 374 animos
641 349 773 374 eorum
797 336 851 374 ita
876 335 1026 386 afficiat,
1052 335 1155 387 apud
1181 348 1278 386 quos

163 400 263 444 aget,
284 399 328 430 ut
346 405 421 439 eos,
442 403 685 442 quocumque
704 390 806 439 velit,
828 390 888 428 vel
906 390 1054 428 trahere
1072 390 1132 428 vel
1149 402 1280 441 rapere

164 446 282 498 possit
296 460 308 491 ς
335 445 432 483 nihil
450 444 616 495 profecto
630 450 811 495 praeterea
824 444 873 481 ad
887 443 1090 481 dicendum
1104 444 1281 495 requiret.

164 501 193 539 J
196 514 259 538 am
288 499 386 536 illud
411 499 582 536 videmus
608 498 854 549 nequaquam
882 498 970 535 satis
998 510 1088 546 esse,
1119 497 1281 549 reperire

165 554 260 606 quid
283 553 398 602 dicas,
425 552 497 590 nisi
522 551 563 589 id
586 551 785 590 inventum
810 558 967 589 tractare
992 551 1121 601 possis.
1162 551 1283 590 Trac-

165 608 257 646 tatio
277 614 406 644 autem
425 606 529 644 varia
547 619 624 643 esse
642 606 766 654 debet,
787 617 835 643 ne
850 612 916 642 aut
931 613 1128 655 cognoscat
1146 612 1280 655 artem,

165 662 235 713 qui
270 661 414 709 audiat,
449 667 516 697 aut
551 659 778 710 defatigetur
809 659 1068 697 similitudinis
1100 659 1281 698 satietate.

168 715 337 766 Proponi
364 721 523 766 oportet,
554 713 647 764 quid
675 713 822 761 afferas,
852 720 902 761 et,
930 712 971 750 id
999 726 1116 765 quare
1141 713 1196 751 ita
1220 713 1282 763 sit,

167 769 386 813 ostendere;
418 778 455 806 et
472 767 607 805 iisdem
625 767 700 805 illis
719 767 810 804 locis
828 766 1020 804 interdum
1047 767 1282 817 concludere,

167 823 380 874 relinquere
405 822 510 870 alias,
536 821 686 872 alioque
711 820 892 858 transire:
923 834 1021 872 saepe
1045 833 1123 860 non
1146 834 1285 872 propo-

167 890 270 924 nere,
291 889 348 924 ac,
369 876 512 913 ratione
537 875 621 926 ipsa
645 875 849 922 afferenda,
877 875 971 926 quid
995 875 1285 926 proponendum

168 931 298 979 fuerit,
325 930 536 967 declarare:
567 929 598 966 si
624 929 686 966 cui
712 929 805 979 quid
831 929 953 966 simile
979 929 1093 978 dicas,
1114 929 1219 980 prius
1240 936 1285 967 ut

169 985 294 1023 simile
326 984 551 1028 confirmes3
582 982 732 1031 deinde,
768 982 872 1033 quod
903 982 1042 1033 agitur,
1070 983 1282 1034 adjungas;

167 1045 311 1090 puncta
329 1044 642 1087 argumentorum
661 1036 888 1087 plerumque
902 1044 945 1073 ut
960 1037 1121 1085 occulas,
1138 1049 1185 1075 ne
1200 1037 1286 1089 quis

169 1106 214 1130 ea
232 1104 432 1129 numerare
450 1090 580 1141 possit,
601 1097 645 1127 ut
670 1103 710 1128 re
736 1089 1031 1140 distinguantur,
1052 1091 1174 1129 verbis
1197 1104 1287 1130 con-

169 1146 258 1184 fusa
278 1158 356 1183 esse
374 1145 584 1182 videantur.

226 1199 366 1237 XLII.
397 1198 507 1246 Haec,
528 1205 572 1235 ut
592 1204 628 1235 et
652 1210 870 1248 properans,
893 1203 929 1235 et
955 1197 1058 1248 apud
1082 1198 1223 1248 doctos,
1251 1207 1290 1239 et

170 1253 398 1292 semidoctus
417 1252 511 1303 ipse,
531 1264 722 1303 percurro,
750 1258 793 1288 ut
818 1251 1023 1302 aliquando
1048 1251 1097 1289 ad
1114 1253 1181 1290 illa
1204 1266 1288 1291 ma-

168 1309 255 1359 jora
279 1307 487 1345 veniamus.
532 1305 645 1343 Nihil
667 1312 722 1342 est
745 1305 847 1342 enim
871 1304 913 1342 in
937 1305 1110 1354 dicendo,
1137 1307 1287 1358 Catule,

172 1363 313 1410 majus,
335 1373 453 1411 quam
478 1366 522 1397 ut
548 1358 673 1398 faveat
698 1359 834 1396 oratori
859 1358 891 1396 is
916 1359 984 1409 qui
1008 1360 1149 1409 audiet,
1170 1369 1290 1413 utque

171 1415 252 1466 ipse
278 1415 330 1452 sic
355 1421 566 1461 moveatur,
594 1420 638 1450 ut
659 1413 806 1463 impetu
826 1412 993 1463 quodam
1013 1413 1131 1452 animi
1151 1422 1186 1453 et
1203 1429 1289 1466 per-

173 1469 387 1507 turbatione
405 1467 541 1518 magis,
564 1479 681 1518 quam
697 1466 840 1515 judicio
859 1472 927 1504 aut
940 1467 1108 1517 consilio,
1124 1477 1287 1520 regatur.

173 1523 294 1560 Plura
313 1522 415 1559 enim
433 1521 557 1559 multo
575 1520 748 1558 homines
763 1520 937 1569 judicant
951 1520 1051 1571 odio,
1067 1530 1133 1560 aut
1147 1536 1289 1575 amore,

173 1583 242 1614 aut
261 1575 480 1626 cupiditate,
501 1582 567 1612 aut
580 1574 790 1623 iracundia,
812 1581 879 1612 aut
896 1574 1037 1623 dolore,
1057 1583 1124 1613 aut
1140 1577 1287 1629 laetitia,

172 1637 241 1668 aut
266 1642 345 1680 spe,
372 1636 439 1667 aut
465 1629 613 1678 timore,
640 1635 707 1666 aut
732 1641 867 1676 errore,
895 1635 962 1666 aut
986 1629 1117 1681 aliqua
1138 1644 1291 1681 penno..

174 1684 277 1722 tione
295 1683 447 1730 mentis,
475 1696 593 1733 quam
619 1682 788 1729 veritate,
809 1689 876 1719 aut
893 1683 1124 1734 praescripto,
1144 1692 1211 1722 aut
1225 1686 1290 1734 ju..

173 1737 226 1775 ris
251 1736 387 1775 norma
413 1736 556 1787 aliqua,
585 1743 652 1773 aut
677 1735 813 1784 judicii
835 1735 1017 1785 formula,
1044 1745 1111 1775 aut
1127 1737 1288 1788 legibus.

176 1791 322 1840 Quare,
357 1790 430 1828 nisi
463 1789 558 1841 quid
585 1789 691 1829 vobis
723 1789 829 1828 aliud
859 1790 997 1841 placet,
1025 1790 1076 1829 ad
1105 1791 1173 1830 illa
1203 1807 1290 1845 per.

176 1858 325 1896 gamus.

230 1898 414 1946 Paulum,
435 1897 561 1948 inquit
580 1896 755 1945 Catulus,
781 1896 897 1934 etiam
920 1909 1024 1936 nunc
1042 1897 1168 1938 deesse
1186 1901 1290 1940 vide..

175 1959 239 1990 tur
257 1952 303 1989 iis
322 1953 448 2000 rebus,
474 1951 638 1999 Antoni,
660 1964 754 2001 quas
779 1951 999 2002 exposuisti,
1020 1953 1124 2004 quod
1148 1954 1196 1993 sit
1219 1956 1290 1995 tibi

176 2013 264 2044 ante
294 2005 578 2057 explicandum,
609 2017 726 2055 quam
753 2004 844 2042 illuc
871 2005 1118 2057 proficiscare,
1148 2022 1225 2060 quo
1252 2017 1290 2049 te

175 2059 268 2097 dicis
297 2059 502 2097 intendere.
545 2058 776 2106 Quidnam?
809 2059 946 2110 inquit.
990 2059 1071 2108 Qui
1099 2063 1192 2102 ordo
1218 2063 1288 2105 tibi

173 2114 334 2164 placeat,
354 2113 481 2164 inquit
499 2112 672 2159 Catulus,
693 2119 730 2150 et
754 2125 841 2164 quae
866 2113 1060 2164 dispositio
1084 2128 1288 2167 argumen-

175 2174 318 2218 torum,
347 2167 387 2205 in
418 2166 496 2220 qua
523 2174 566 2205 tu
593 2166 690 2206 mihi
718 2179 866 2219 semper
894 2166 1002 2207 Deus
1032 2168 1150 2210 videri
1179 2171 1286 2214 soles.
