1429 2344
188 79 266 117 284
321 77 398 117 DE
427 74 720 124 ORATORE,
751 75 849 114 Lm.
871 74 928 112 11.
959 73 1063 113 οη.
1085 76 1149 119 87.

194 185 323 222 lutum
348 184 423 222 illis
449 182 716 234 integumentis
742 181 1049 219 dissimulationis
1067 187 1157 228 tuae,
1178 180 1300 219 nuda-

198 245 372 288 tumque,
392 237 573 289 perspicio
587 251 597 274 ε
615 243 665 284 et,
682 235 784 286 quod
798 235 893 272 mihi
907 234 1017 282 nihil,
1030 241 1096 272 aut
1109 234 1212 285 quod
1223 242 1301 272 non

202 292 369 328 multum
398 290 592 342 relinquis,
623 288 886 340 percommode
914 287 1019 335 facis,
1051 295 1180 339 estque
1206 288 1303 325 mihi

201 353 366 394 gratum.
394 343 423 381 J
426 355 488 381 am
505 344 601 381 istuc
620 349 806 394 quantum
820 340 891 379 tibi
909 354 978 391 ego
995 341 1225 393 reliquerim,
1245 341 1305 379 in-

204 396 288 448 quit
312 397 520 444 Antonius,
548 395 618 434 erit
643 395 682 433 in
708 396 776 432 tua
799 401 1003 445 potestatet
1035 395 1065 432 si
1094 394 1195 432 enim
1220 407 1307 432 vere

204 463 315 500 agere
334 450 508 496 volueris,
524 449 652 487 omnia
670 448 739 486 tibi
757 448 953 498 relinquo3
984 448 1041 485 sin
1056 448 1305 493 dissimulare,

205 510 248 540 tu
268 503 591 554 quemadmodum
610 503 668 540 his
688 501 903 547 satisfacias,
923 500 1068 538 videris.
1099 500 1187 547 Sed,
1203 508 1247 538 ut
1260 500 1308 538 ad

204 569 285 594 rem
314 557 478 603 redeam,
505 568 581 594 non
611 568 697 594 sum
725 562 831 593 tanto
859 567 941 604 ego,
971 554 1110 605 inquit,
1140 553 1307 604 ingenio,

208 617 350 660 quanto
369 609 642 647 Themistocles
660 608 746 655 fuit,
767 615 811 645 ut
829 607 1025 646 oblivionis
1044 614 1177 653 artem,
1194 619 1311 656 quam

207 662 413 708 memoriae,
440 663 599 700 malim:
631 662 868 712 gratiamque
892 661 1013 698 habeo
1041 660 1229 698 Simonidi
1253 660 1310 697 ini

209 715 302 763 Ceo,
330 728 445 766 quem
470 716 638 766 primum
663 714 790 752 ferunt
815 720 935 751 artem
960 713 1153 751 memoriae
1181 719 1312 764 protu-

208 769 306 806 lisse.
336 769 482 807 Dicunt
501 768 616 815 enim,
633 781 720 805 cum
739 774 898 805 coenaret
913 766 1114 804 Crannone
1130 766 1171 803 in
1189 766 1313 804 Thes-

209 822 303 859 salia
323 822 534 860 Simonides
548 821 652 872 apud
671 822 846 871 Scopam,
862 819 1098 858 fortunatum
1116 819 1312 857 hominem

211 882 249 913 et
277 875 458 923 nobilem,
491 875 754 924 cecinissetque
785 873 825 911 id
844 885 1009 920 carmen,
1029 873 1132 924 quod.
1157 873 1197 910 in
1223 886 1312 911 eum

211 928 428 979 scripsisset,
455 929 496 965 in
523 941 600 979 quo
625 925 760 974 multa,
781 926 940 965 ornandi
964 927 1090 973 causa,
1116 930 1314 978 poetarum

212 994 330 1028 more,
343 981 384 1018 in
400 981 593 1019 Castorem
608 981 743 1031 scripta
758 987 794 1018 et
807 980 1004 1018 Pollucem
1014 979 1187 1027 fuissent,
1201 979 1315 1017 nimis

211 1034 325 1072 illum
344 1035 490 1072 sordide
508 1033 695 1072 Simonidi
713 1034 864 1079 dixisse,
886 1046 925 1070 se
942 1033 1146 1070 dimidium
1165 1034 1246 1082 ejus
1265 1033 1313 1079 ei,

212 1088 317 1138 quod
340 1095 471 1138 pactus
497 1095 604 1134 esset,
624 1100 693 1137 pro
710 1087 776 1124 ino
794 1086 972 1134 carmine,
992 1086 1172 1124 daturum
1188 1100 1200 1132 3
1230 1087 1316 1124 reli-

213 1154 336 1193 quum
355 1154 378 1178 a
395 1141 471 1178 suis
490 1140 734 1191 Tyndaridis,
755 1153 850 1191 quos
869 1152 975 1190 aeque
991 1139 1195 1188 laudasset,
1215 1147 1318 1190 pete-

215 1202 285 1242 ret,
302 1194 333 1231 si
348 1194 381 1231 ei
395 1194 592 1232 videretur.
623 1193 745 1231 Paulo
762 1200 846 1244 post
865 1206 942 1231 esse
959 1193 1086 1230 ferunt
1100 1193 1319 1231 nuntiatum

215 1247 416 1294 Simonidi,
437 1254 479 1285 ut
496 1247 687 1298 prodiret3
714 1247 870 1295 juvenes
888 1253 984 1284 stare
995 1246 1043 1284 ad
1054 1247 1214 1296 januam
1226 1247 1321 1286 duos

217 1300 415 1351 quosdam,
437 1300 504 1351 qui
522 1313 610 1338 eum
624 1313 853 1351 magnopere
871 1307 1088 1338 evocarent:
1118 1300 1322 1338 surrexisse

216 1354 342 1402 illum,
355 1354 537 1405 prodisse,
553 1354 688 1391 vidisse
702 1353 918 1391 neminem:
947 1353 1019 1391 hoc
1031 1353 1183 1391 interim
1202 1354 1322 1404 spatio

216 1408 390 1445 conclave
408 1407 518 1455 illud,
539 1407 607 1445 ubi
625 1407 840 1458 epularetur
858 1407 1010 1458 Scopas,
1030 1407 1256 1445 concidisse:
1278 1407 1323 1445 ea

217 1461 330 1499 ruina
357 1460 485 1511 ipsum
511 1473 730 1511 oppressum
758 1473 847 1498 cum
879 1461 957 1498 suis
980 1460 1173 1498 interiisse.
1213 1460 1323 1508 Quos

217 1527 306 1552 cum
324 1514 484 1552 humare
509 1515 648 1552 vellent
672 1514 744 1561 sui,
767 1526 890 1564 neque
915 1521 1066 1565 possent
1082 1514 1238 1552 obtritos
1262 1514 1321 1552 in-

218 1575 423 1606 ternoscere
441 1567 520 1605 ullo
537 1567 665 1615 modo,
686 1567 898 1606 Simonides
916 1567 1065 1615 dicitur,
1085 1580 1133 1605 ex
1157 1580 1202 1606 eo
1219 1567 1322 1619 quod

216 1620 463 1668 meminisset,
484 1633 560 1672 quo
587 1632 716 1658 eorum
743 1621 825 1659 loco
852 1620 1012 1672 quisque
1037 1621 1238 1669 cubuisset,
1259 1621 1324 1659 de-¹

218 1680 446 1713 monstrator
463 1674 761 1725 uniuscujusque
775 1674 977 1725 sepeliendi
990 1674 1117 1711 fuisse.
1138 1674 1225 1712 Hac
1239 1682 1323 1712 tum

216 1742 256 1767 re
271 1726 485 1765 admonitus
502 1727 688 1765 invenisse
705 1727 837 1775 fertur,
857 1727 1028 1765 ordinem
1046 1740 1124 1765 esse
1136 1727 1318 1775 maxime,

219 1781 288 1833 qui
314 1779 507 1818 memoriae
533 1780 665 1817 lumen
692 1780 850 1818 afferret.
881 1781 1018 1831 Itaque
1043 1779 1103 1827 iis,
1132 1780 1199 1832 qui
1225 1781 1324 1819 hanc

217 1841 366 1887 partem
382 1833 526 1883 ingenii
537 1841 763 1880 exercerent,
778 1834 878 1872 locos
893 1846 970 1872 esse
985 1833 1196 1884 capiendos,
1213 1841 1250 1872 et
1263 1848 1320 1881 ea,

218 1902 306 1940 quae
323 1887 507 1925 memoria
521 1893 645 1924 tenere
659 1888 811 1933 vellent,
828 1886 1040 1937 effingenda
1053 1886 1195 1934 animo,
1210 1894 1324 1939 atque

218 1944 260 1981 in
283 1941 343 1978 his
367 1940 458 1978 locis
483 1940 722 1985 collocanda3
753 1940 804 1978 sic
828 1940 907 1978 fore
931 1946 975 1978 ut
999 1940 1169 1978 ordinem
1194 1954 1324 1979 rerum

218 1997 388 2035 locorum
417 1993 508 2031 ordo
537 2000 793 2039 conservaret3
823 2007 881 2031 res
909 2000 1037 2031 autem
1068 1994 1167 2045 ipsas
1193 2007 1323 2032 rerum

218 2048 359 2098 effigies
385 2053 542 2094 notaret,
570 2054 684 2098 atque
708 2054 752 2085 ut
779 2047 869 2086 locis
893 2059 962 2099 pro
987 2047 1085 2096 cera,
1112 2047 1322 2087 simulacris

216 2115 286 2156 pro
303 2101 434 2141 literis,
455 2107 658 2138 uteremur.

270 2153 534 2194 LXXXVII.
563 2152 644 2201 Qui
663 2153 710 2193 sit
724 2162 852 2194 autem
866 2153 1003 2194 oratori
1017 2154 1211 2194 memoriae
1221 2154 1321 2193 frue-
