1429 2344
174 98 252 135 404
282 97 358 136 DE
381 97 586 136 CLARIS
606 96 996 146 ORATORIBUS,
1018 97 1123 136 CAP.
1144 99 1208 135 51.

163 203 205 241 111
225 205 328 242 vario
342 217 479 255 genere
493 204 656 251 dicendi,
673 204 759 254 quis
774 216 948 256 unquam
964 217 1010 242 ex
1026 204 1085 242 his
1099 205 1285 245 excellere

161 257 356 305 judicatus
387 266 443 296 est
473 258 580 308 vulgi
605 257 763 306 judicio,
793 258 860 310 qui
886 269 962 295 non
988 257 1090 296 idem
1116 272 1139 296 a
1165 258 1285 298 doctis

164 312 419 360 probaretur?
461 311 628 360 Quando
659 319 787 349 autem
818 311 980 349 dubium
1012 311 1147 350 fuisset
1177 313 1282 363 apud

163 371 290 413 patres
321 373 480 413 nostros,
513 365 677 416 eligendi
707 365 768 403 cui
800 364 950 416 patroni
980 364 1133 404 daretur
1161 366 1280 417 optio,

163 418 259 468 quin
280 426 346 456 aut
364 419 584 457 Antonium
602 426 762 470 optaret,
780 427 845 456 aut
861 418 1042 457 Crassum
1057 421 1074 457 ?
1103 419 1280 458 Aderant

162 471 277 509 multi
304 472 393 509 alii:
424 480 566 520 tamen,
594 480 725 510 utrum
751 472 798 510 de
825 472 884 510 his
909 471 1050 522 potius,
1071 471 1280 512 dubitasset

162 524 326 575 aliquis3
356 527 450 576 quin
469 527 646 573 alterum,
663 539 786 563 nemo.
818 525 957 573 Quid?
977 525 1277 566 adolescentibus

163 578 285 625 nobis,
302 592 391 617 cum
407 588 529 618 essent
544 580 657 618 Cotta
672 587 709 617 et
722 579 964 627 Hortensius,
981 591 1076 616 num
1096 579 1195 631 quis,
1216 581 1278 619 cui

162 631 318 682 quidem
338 633 502 684 eligendi
520 640 684 685 potestas
704 640 812 681 esset,
840 645 1074 685 quemquam
1093 633 1152 671 his
1171 641 1279 672 ante-

161 687 357 735 ponebat?

214 739 286 777 LI.
316 740 424 778 Tum
442 741 604 789 Brutus,
626 740 734 788 Quid
752 747 810 788 tu,
833 740 972 791 inquit,
991 739 1128 791 quaeris
1147 740 1273 780 alios?

160 790 221 830 De
239 800 276 830 te
295 793 376 844 ipso
396 807 536 842 nonne,
558 795 653 846 quid
671 801 846 845 OPtarent
865 793 933 842 181,
959 793 1082 845 quid
1071 806 1152 844 ipse
1171 794 1275 833 Hor-

159 846 300 884 tensius
325 847 524 896 judicaret,
557 848 812 886 videbamus?
843 847 924 899 qui,
955 859 1044 885 cum
1071 847 1274 897 partiretur

158 906 283 937 tecum
304 914 446 950 causas,
469 906 585 953 (saepe
600 902 702 939 enim
718 901 891 948 interfui)
907 901 1108 952 perorandi
1127 901 1270 949 locum,

157 953 225 990 ubi
243 954 456 1004 plurimum
475 956 592 1006 pollet
611 955 745 1003 oratio,
767 968 914 1005 semper
932 954 1003 992 tibi
1021 954 1271 1005 relinquebat.

157 1006 337 1045 Faciebat
350 1009 414 1046 ille
429 1009 599 1060 quidem,
620 1009 807 1060 inquam,
796 1023 806 1031 ·
830 1016 866 1046 et
879 1008 990 1056 mihi,
1010 1008 1273 1047 benevolentia

158 1061 301 1108 (credo)
328 1061 478 1110 ductus,
509 1062 699 1100 tribuebat
723 1062 863 1099 omnia.
905 1061 981 1099 Sed
1006 1074 1089 1111 ego,
1119 1075 1205 1112 quae
1224 1062 1272 1100 de

155 1125 218 1151 me
233 1115 366 1165 populi
385 1116 432 1153 sit
437 1115 590 1176 opinio,
607 1116 755 1153 nescio:
786 1115 833 1153 de
851 1114 1006 1166 reliquis
1020 1115 1091 1152 hoc
1105 1115 1267 1164 affirmo,

155 1167 223 1217 qui
249 1168 355 1218 vulgi
385 1169 562 1220 opinione
587 1169 823 1207 disertissimi
850 1168 971 1206 habiti
1000 1168 1088 1215 sint,
1117 1169 1267 1207 eosdem

151 1219 449 1272 intelligentium
474 1236 627 1274 quoque
651 1222 794 1272 judicio
823 1222 939 1260 fuisse
967 1221 1263 1273 probatissimos.

155 1274 196 1311 N
199 1287 239 1312 ec
267 1275 370 1313 enim
400 1284 524 1327 posset
553 1276 656 1314 idem
689 1276 965 1314 Demosthenes
992 1275 1128 1323 dicere,
1162 1275 1266 1337 quod

153 1327 292 1366 dixisse
317 1329 612 1378 Antimachum,
634 1329 808 1368 Clarium
826 1333 994 1380 poe'tam,
1014 1328 1167 1374 ferunt3
1198 1330 1266 1381 qui

152 1393 255 1429 cum,
285 1383 495 1421 convocatis
514 1383 763 1431 auditoribus,
783 1383 924 1433 legeret
942 1382 993 1420 eis
1011 1394 1198 1432 magnum
1217 1383 1264 1420 il-

150 1434 233 1482 lud,
263 1436 366 1487 quod
384 1437 552 1482 novistis,
575 1437 754 1475 volumen
769 1449 938 1485 suum,e
917 1443 956 1474 et
969 1447 1058 1473 eum
1072 1436 1264 1486 legentem

150 1500 296 1536 omnes,
326 1499 462 1541 praeter
492 1491 707 1538 Platonem,
738 1490 990 1541 reliquissent,
1018 1491 1047 1511 “
1068 1489 1263 1539 Legam,”

150 1540 289 1592 inquit,
323 1547 351 1565 “
367 1544 640 1582 nihilominus:
673 1545 785 1582 Plato
817 1544 920 1581 enim
950 1542 1047 1580 1111111
1071 1555 1173 1580 1111115
1200 1543 1261 1580 111-

150 1601 226 1632 star
253 1604 307 1633 est
332 1597 506 1634 omnium
531 1597 738 1635 111111111111·’
743 1598 820 1635 'et
842 1604 964 1635 recte:
995 1599 1132 1648 poe’ma
1158 1596 1260 1635 enim

149 1650 387 1687 reconditum
425 1664 635 1701 paucorum
672 1651 997 1702 approbationem,
1037 1649 1155 1688 oratio
1192 1663 1263 1701 po-

147 1702 291 1751 pularis
319 1716 512 1741 assensum
538 1704 645 1755 vulgi
671 1705 783 1742 debet
803 1717 966 1742 movere.
1008 1703 1080 1749 At,
1101 1702 1133 1740 si
1152 1715 1260 1741 eum-

148 1754 236 1792 dem
262 1756 364 1794 hunc
392 1757 593 1795 Platonem
620 1771 743 1795 unum
768 1758 979 1795 auditorem
1004 1756 1160 1794 haberet
1178 1755 1261 1795 De-

146 1810 374 1856 mosthenes,
404 1823 492 1848 cum
511 1818 605 1848 esset
624 1811 775 1849 relictus
795 1824 818 1848 a
836 1810 991 1856 caeteris,
1018 1811 1178 1847 verbum
1198 1809 1257 1848 fa-

144 1875 226 1900 cere
251 1876 327 1901 non
354 1871 489 1915 posset.
519 1864 658 1911 Quid?
688 1872 745 1912 tu,
772 1865 908 1911 Brute,
933 1875 1073 1914 posseS,
1095 1862 1126 1900 si
1143 1870 1194 1910 te,
1215 1871 1260 1901 ut

148 1916 354 1955 Curionem
380 1917 588 1968 quondam,
615 1918 742 1955 concio
768 1917 1003 1969 reliquisset.
993 1918 1010 1944 ‘³
1039 1915 1126 1965 Ego
1152 1928 1255 1966 vero,

145 1969 270 2020 inquit
283 1971 360 2019 ille,
382 1978 425 2008 ut
443 1984 506 2009 me
519 1971 589 2009 tibi
603 1971 812 2019 indicem,
801 1984 842 2008 111
857 1970 909 2008 eis
925 1970 1039 2008 etiam
1059 1968 1194 2017 causis,
1214 1970 1255 2009 111

145 2024 284 2074 quibus
309 2024 432 2062 omnis
457 2037 515 2063 res
533 2024 642 2063 nobis
661 2037 750 2063 cum
765 2024 958 2074 judicibus
977 2029 1046 2070 est,
1069 2034 1146 2061 non
1167 2035 1258 2062 cum

143 2077 299 2128 populo,
328 2085 469 2126 tamen,
489 2078 520 2116 si
544 2091 567 2116 a
586 2078 723 2117 corona
742 2079 893 2116 relictus
912 2077 998 2125 sim,
1018 2088 1096 2114 non
1114 2089 1254 2128 queam

142 2129 275 2168 dicere.
307 2132 369 2169 Ita
387 2145 440 2177 se,
457 2131 630 2183 inquam,
646 2145 704 2170 res
717 2132 857 2170 habet:
878 2137 935 2180 ut,
952 2131 983 2168 si
998 2129 1103 2168 tibiae
1116 2129 1256 2168 inflatae

142 2195 218 2221 non
238 2184 398 2222 referant
419 2197 570 2233 sonum,
599 2185 828 2235 abjiciendas
855 2198 915 2224 eas
935 2183 1007 2223 sibi
1026 2183 1164 2223 tibicen
1183 2197 1257 2236 pu-
