1407 2308
209 104 286 145 DE
314 104 608 155 ORATORE,
637 105 734 145 Lm.
755 105 813 144 II.
843 104 945 144 CAP.
966 105 1030 143 43.
1085 104 1162 148 ‘237

71 210 184 261 Vide,
204 225 319 264 quam
337 213 409 251 sim
427 213 467 252 in
485 213 555 252 isto
566 225 713 275 genere,
726 213 864 264 inquit,
881 211 1029 260 Catule,
1045 209 1164 249 Deus.

71 264 177 313 Non,
201 266 427 315 mehercule,
455 267 565 315 mihi,
598 267 669 304 nisi
701 266 906 314 admonito,
937 265 1096 303 venisset
1126 264 1167 301 in

69 326 259 366 mentem,
289 327 332 357 ut
352 320 469 371 possis
493 321 718 368 existimare,
745 333 807 357 me
832 320 872 356 in
894 331 950 366 ea,
969 318 1010 355 in
1029 318 1167 377 quibus

68 382 342 424 nonnunquam
371 373 515 425 aliquid
546 373 687 411 efficere
715 373 854 421 w’deor,
885 385 956 409 usu
985 371 1100 409 solere
1126 370 1167 407 in

68 423 238 484 dicendo,
259 427 318 464 vel
342 439 428 464 casu
454 427 592 478 potius,
618 427 815 464 incurrere.
857 425 919 463 Ac
937 438 994 462 res
1013 424 1166 475 quidem

67 476 151 537 ista,
184 491 300 529 quam
333 493 414 531 ego,
448 481 538 531 quia
573 493 648 517 non
684 482 831 527 noram,
870 479 934 525 sic,
969 486 1166 528 tamquam

68 530 241 580 ignotum
273 533 481 581 hominem,
513 534 763 585 praeteribam,
795 539 943 570 tantum
975 538 1096 591 potest
1127 530 1167 567 in

69 583 239 633 dicendo,
271 592 315 623 ut
343 586 392 623 ad
423 586 649 624 vincendum
676 587 783 623 nulla
809 586 895 636 plus
921 584 1062 635 possit:
1103 583 1168 620 sed
1211 624 1213 627 Α

69 643 197 675 tamen
215 638 311 675 mihi
329 639 462 677 videris
481 647 566 677 ante
584 647 733 690 tempus
752 652 774 676 a
791 651 853 676 me
872 638 1055 676 rationem
1069 636 1168 674 ordi-

70 689 128 728 nis
147 698 183 728 et
201 691 516 742 disponendarum
535 706 660 730 rerum
679 692 886 752 requisisse.
927 691 1031 728 Nam
1052 689 1082 727 si
1101 702 1170 739 ego

70 755 223 781 omnem
243 745 320 782 vim
340 746 492 784 oratoris
511 747 550 783 in
569 745 799 796 argumentis
817 753 854 783 et
871 745 910 781 in
936 756 975 781 re
1000 743 1082 794 ipsa
1103 755 1170 793 per

71 809 109 833 se
128 799 405 848 comprobanda
421 799 641 850 posuissem,
660 806 810 849 tempus
829 805 922 835 esset
942 798 1021 846 jam
1046 795 1092 833 de
1111 808 1170 833 or-

71 849 159 887 dine
183 859 506 901 argumentorum,
531 859 568 890 et
593 852 639 889 de
664 851 916 899 collocatione,
943 848 1087 900 aliquid
1113 848 1170 885 di-

71 915 176 940 8818.
206 903 282 952 58(1,
303 917 391 942 cum
410 905 480 942 tria
498 905 572 943 sint
590 918 612 942 a
630 917 692 942 me
709 904 912 955 proposita,
932 903 979 940 de
997 914 1073 939 uno
1093 901 1170 939 dic-

71 962 181 1001 tum;
211 969 297 994 cum
321 957 367 995 de
392 957 539 996 duobus
562 958 716 1008 reliquis
741 957 884 1005 dixero,
904 963 988 993 tum
1014 955 1083 993 erit
1107 954 1172 993 de-

70 1008 186 1060 nique
204 1009 251 1046 de
268 1010 498 1060 disponenda
515 1011 594 1049 tota
612 1011 776 1048 oratione
794 1009 1054 1061 quaerendum.

124 1061 285 1100 XLIII.
306 1063 421 1101 Valet
437 1064 553 1114 igitur
570 1065 737 1101 multum
752 1063 800 1101 ad
819 1062 1060 1110 vincendum,
1080 1073 1168 1112 pro-

72 1115 154 1152 bari
177 1128 312 1164 mores,
338 1117 523 1166 instituta,
551 1124 588 1155 et
611 1117 722 1165 facta,
752 1123 789 1154 et
812 1117 929 1154 vitam
954 1128 1084 1153 eorum
1104 1114 1172 1165 qui

73 1175 185 1218 agent
203 1181 344 1221 causas,
373 1177 410 1208 et
434 1183 564 1208 eorum
582 1183 651 1221 pro
670 1170 833 1222 quibus,
864 1176 900 1207 et
918 1169 1009 1207 item
1028 1168 1170 1218 impro-

72 1221 155 1259 bari
178 1222 498 1269 adversariorum3
527 1225 748 1274 animosque
773 1236 918 1270 eorum,
947 1221 1050 1272 apud
1075 1233 1170 1271 quos

73 1274 211 1325 agitur,
239 1277 426 1314 conciliari
448 1290 565 1328 quam
590 1277 758 1314 maxime
782 1276 831 1313 ad
853 1274 1168 1320 benevolentiam,

75 1339 164 1365 cum
190 1341 277 1379 erga
300 1336 498 1378 oratorem,
525 1337 610 1368 tum
636 1343 724 1390 erga
748 1330 860 1366 illum
877 1341 946 1379 pro
972 1340 1048 1378 quo
1074 1327 1174 1364 dicet

74 1388 207 1418 orator.
238 1382 495 1420 Conciliantur
513 1391 641 1421 autem
659 1383 778 1420 animi
796 1382 978 1432 dignitate
991 1379 1170 1428 hominis,

74 1434 185 1471 rebus
203 1435 328 1484 gestis,
349 1436 622 1474 existimatione
640 1435 750 1481 vitae3
781 1448 866 1486 quae
884 1434 1030 1471 facilius
1049 1432 1174 1471 ornari

75 1494 245 1536 possunt,
275 1488 305 1525 si
329 1489 442 1526 modo
465 1497 568 1550 sunt,
595 1502 711 1540 quam
737 1488 845 1539 fingi,
877 1487 908 1525 si
933 1487 1040 1525 nulla
1069 1493 1170 1524 sunt.

76 1539 150 1576 Sed
168 1539 247 1578 haec
265 1541 473 1590 adjuvant
462 1555 503 1579 13
521 1550 678 1590 oratore,
698 1542 831 1580 lenitas
850 1540 963 1601 vocis,
986 1538 1169 1591 [vultfis,]

75 1592 229 1642 pudoris
247 1594 481 1644 significatio,
501 1597 700 1633 verborum
720 1594 899 1638 comitas;
929 1593 960 1631 si
979 1592 1071 1644 quid
1089 1605 1175 1644 per-

77 1658 231 1697 sequare
256 1648 390 1696 acrius,
416 1656 461 1686 ut
485 1648 624 1686 invitus
643 1655 679 1686 et
698 1654 845 1686 coactus
870 1646 994 1684 facere
1015 1646 1175 1683 videare.

78 1698 296 1760 Ἑ3811113115,
308 1701 555 1750 liberalitatis,
570 1701 886 1748 mansuetudinis,
901 1699 1064 1752 pietatis,
1077 1699 1175 1749 grati

77 1752 208 1800 animi,
228 1766 304 1791 non
323 1754 543 1805 appetentis,
563 1767 639 1792 non
659 1754 773 1802 avidi,
790 1755 820 1791 si
821 1766 897 1804 gna
913 1753 1070 1804 proferri
1089 1765 1174 1803 per-

77 1805 169 1843 utile
183 1812 259 1844 est:
281 1820 399 1858 eaque
417 1807 558 1867 omnia,
575 1821 660 1868 quae
674 1809 893 1859 proborum,
910 1806 1173 1852 demissorum,

78 1869 154 1895 non
175 1859 332 1908 acrium,
352 1873 427 1898 non
441 1861 705 1912 pertinacium,
725 1873 800 1898 non
814 1859 1078 1910 litigiosorum,
1098 1870 1175 1895 non

79 1913 295 1950 acerborum
315 1921 416 1961 sunt,
436 1914 544 1952 valde
561 1913 858 1952 benevolentiam
877 1912 1089 1958 conciliant,
1109 1912 1176 1948 ab-

79 1964 316 2016 alienantque
334 1967 409 2005 ab'
399 1967 517 2014 xis,1n
536 1967 674 2019 quibus
692 1967 772 2004 haec
790 1979 866 2004 non
891 1973 990 2003 sunt.
1038 1964 1176 2014 Itaque

80 2017 209 2055 eadem
228 2026 316 2057 sunt
341 2020 381 2057 in
406 2020 632 2058 adversarios
658 2032 704 2057 ex
730 2019 913 2058 contrario
938 2017 1064 2056 confer
1065 2016 1174 2054 enda.

80 2069 156 2107 Sed
173 2083 290 2120 genus
303 2073 378 2111 hoc
400 2079 523 2110 totum
541 2073 716 2110 orationis
735 2073 775 2109 in
794 2072 839 2110 iis
858 2071 978 2109 causis
1003 2070 1174 2117 excellet,

80 2121 121 2159 in
150 2123 287 2174 quibus
309 2125 437 2164 minus
461 2132 582 2177 potest
606 2125 835 2163 inflammari
863 2125 1012 2162 animus
1038 2122 1176 2172 judicis

81 2175 156 2214 acri
185 2182 222 2216 et
245 2177 457 2218 vehementi
481 2178 650 2231 quadam
677 2178 905 2218 incitatione.
952 2176 1044 2215 Non
1073 2175 1175 2214 enim
