1429 2344
139 61 192 101 34
246 60 323 101 DE
345 60 734 111 INVENTIONE,
765 61 864 101 Lm.
887 62 920 101 I.
951 61 1054 102 CAP.
1072 62 1137 101 33.

138 169 411 220 respondendo,
431 170 582 221 longius
595 170 793 221 procedere
807 169 1039 221 rogationem
1054 181 1130 207 non
1145 168 1247 207 sinit.

140 223 284 271 Quare,
315 224 459 262 ratione
487 224 704 275 rogationis,
734 224 969 275 imprudens,
997 225 1045 262 ab
1077 236 1120 262 eo
1145 221 1249 275 quod

139 277 332 325 concessit,
353 277 401 315 ad
419 278 458 315 id
473 278 576 329 quod
590 290 666 316 non
680 278 763 315 vult
777 278 990 326 concedere,
1006 276 1250 315 deducendus

140 337 207 368 est.
248 331 481 369 Extremum
500 338 627 369 autem
646 338 712 369 aut
727 339 892 369 taceatur
905 338 1064 382 oportet,
1081 338 1147 368 aut
1161 342 1251 368 con-

139 384 308 430 cedatur,
329 392 396 422 aut
413 392 583 435 negetur.
630 385 671 423 Si
689 385 902 435 negabitur,
930 392 997 422 aut
1021 383 1252 422 ostendenda

140 445 195 475 est
214 437 421 476 similitudo
440 451 570 476 earum
589 451 730 486 rerum,
752 452 838 489 quae
852 445 938 475 ante
952 451 1132 476 concessae
1147 444 1250 484 sunt,

141 499 208 528 aut
226 491 301 528 alia
319 492 505 529 utendum
520 492 746 529 inductione.
788 492 829 530 Si
843 492 1117 552 concedetur,
1100 491 1253 529 00110111-

140 545 265 582 denda
291 552 345 582 est
371 545 658 596 argumentatio.
702 545 744 583 Si
769 545 965 605 tacebitur,
987 552 1053 582 aut
1072 529 1255 582 efficienda

143 605 198 635 est
229 599 442 649 responsio·
432 627 443 644 ,
484 606 564 647 aut,
603 599 785 650 quoniam
817 599 1052 637 taciturnitas
1082 598 1255 635 imitatur

143 652 428 700 confessionem,
443 665 512 704 pro
527 666 584 700 eo,
604 665 647 691 ac
665 653 696 690 si
715 665 932 691 concessum
951 653 1012 700 sit,
1033 651 1256 690 concludere

143 706 330 756 oportebit
348 707 725 756 argumentationem,
774 706 836 744 Ita
854 706 897 744 fit
914 705 986 744 1100
1004 718 1124 756 genus
1142 717 1256 755 argu-

145 759 342 797 mentandi
372 760 627 811 tripertitum:
657 760 782 811 prima
811 773 899 811 pars
931 772 980 798 ex
1008 758 1258 796 similitudine

143 820 289 852 constat
309 812 401 862 una,
428 814 673 864 pluribusve3
703 814 820 851 altera
838 826 885 851 ex
904 826 961 861 eo,
983 812 1085 863 quod
1105 812 1258 850 concedi

144 867 336 915 volumus,
366 868 475 916 cujus
502 867 615 905 causa
643 867 909 905 similitudines
938 866 1117 904 adhibitae
1142 873 1256 910 sunt3

146 920 256 958 tertia
288 933 336 959 ex
368 921 620 968 conclusione,
654 933 740 972 quae
772 928 839 958 aut
875 921 1073 958 confirmat
1108 932 1259 958 conces-

147 974 305 1022 sionem,
326 982 405 1021 aut,
427 974 521 1025 quid
540 987 587 1012 ex
607 974 651 1012 ea
670 973 901 1021 conficiatur,
921 973 1095 1011 ostendit.

200 1027 412 1066 XXXIII.
442 1027 530 1075 Sed,
552 1027 643 1079 quia
659 1039 736 1065 non
756 1027 843 1065 satis
862 1027 975 1064 alicui
993 1026 1183 1064 videbitur
1200 1025 1259 1063 di-

147 1081 273 1120 lucide
297 1081 612 1129 demonstratum,
639 1081 711 1119 nisi
737 1081 840 1132 quod
859 1093 906 1118 ex
931 1080 1032 1118 civili
1057 1092 1257 1118 causarum

146 1148 282 1186 genere
306 1136 528 1186 exemplum
547 1134 842 1184 subJecerimus3
871 1134 1019 1172 videtur
1036 1133 1259 1182 hujusmodi

147 1202 301 1241 quoque
326 1189 513 1227 utendum
539 1189 728 1240 exemplo,
755 1201 831 1226 non
858 1201 935 1239 quo
959 1187 1160 1238 praeceptio
1184 1186 1259 1224 dif-

147 1243 257 1291 ferat,
284 1250 351 1281 aut
375 1243 482 1281 aliter
505 1242 605 1280 hoc
595 1255 635 1280 111
655 1254 825 1280 sermone
843 1249 957 1292 atque
974 1241 1015 1278 in
1034 1240 1192 1279 dicendo
1211 1240 1260 1278 sit

147 1272 360 1342 utendum3
382 1296 446 1334 sed
460 1303 504 1334 ut
517 1309 648 1334 eorum
663 1295 849 1334 voluntati
868 1295 1036 1355 satisfiat,
1057 1294 1138 1345 qui,
1155 1294 1259 1346 quod

148 1351 278 1401 aliquo
302 1350 342 1388 in
360 1351 442 1388 loco
467 1350 640 1397 viderint,
667 1349 769 1387 alio
759 1361 800 1386 111
817 1350 914 1397 loco,
934 1349 1006 1386 nisi
1024 1347 1260 1386 demonstra-

149 1411 235 1442 tum
261 1411 328 1452 est,
348 1411 543 1455 nequeunt
568 1416 799 1454 cognoscere.
839 1402 978 1453 Ergo
968 1415 1009 1439 m
1033 1401 1105 1439 hac
1129 1401 1256 1450 causa,

149 1471 236 1508 quae
250 1458 353 1509 apud
373 1458 523 1495 Graecos
538 1464 593 1494 est
605 1470 696 1508 perv
697 1463 821 1518 agata,
837 1455 941 1507 quod
954 1455 1257 1507 Epaminondas,

150 1511 426 1549 Thebanorum
450 1511 668 1561 imperator,
695 1511 744 1560 ei,
770 1510 837 1561 qui
859 1509 931 1547 sibi
955 1509 1104 1559 exlege
1121 1515 1261 1560 praetor

150 1571 386 1612 successerat,
413 1565 621 1602 exercitum
645 1576 722 1601 non
748 1563 915 1611 tradidit,
936 1570 986 1611 et,
1006 1574 1095 1600 cum
1119 1575 1260 1613 paucos

150 1618 230 1669 ipse
255 1618 334 1656 dies
352 1626 480 1656 contra
497 1619 621 1668 legem
641 1617 848 1655 exercitum
866 1616 1059 1664 tenuisset,
1081 1615 1260 1653 Lacedae-

151 1672 298 1710 monios
321 1671 495 1709 funditus
519 1671 620 1719 vicit,
647 1671 784 1721 poterit
802 1676 992 1708 accusator
1017 1676 1260 1719 argumenta-

152 1725 254 1763 tione
272 1725 330 1762 uti
347 1738 414 1776 per
431 1725 703 1770 inductionem,
721 1737 808 1761 cum
824 1724 1005 1774 scriptum
1023 1722 1117 1772 legis
1131 1729 1261 1760 contra

151 1779 375 1816 sententiam
400 1779 590 1825 defendat,
611 1778 660 1815 ad
685 1778 787 1815 hunc
801 1777 985 1815 11101111111·
1016 1775 1072 1824 Si,
1097 1775 1258 1836 judices,

152 1833 206 1878 id,
235 1832 338 1883 quod
356 1832 643 1883 Epaminondas
663 1831 715 1868 ait
731 1831 826 1881 legis
844 1830 1062 1880 scriptorem
1088 1829 1257 1878 sensisse,

150 1886 337 1924 adscribat
373 1886 422 1923 ad
456 1886 593 1946 legem,
632 1892 669 1921 et
704 1883 818 1922 addat
855 1883 1113 1934 exceptionem
1145 1882 1258 1931 hanc,

150 1942 179 1962 ‘⁶
191 1940 316 1977 Extra
328 1952 446 1990 quam
461 1939 491 1976 si
506 1939 590 1990 quis
604 1938 819 1989 reipublicae
834 1950 947 1975 causa
961 1936 1168 1975 exercitum
1182 1948 1259 1974 non

149 1992 357 2041 tradiderit,
361 1993 385 2010 ”
405 1991 631 2044 patiemini?
651 2003 728 2029 non
740 1991 884 2042 opinor.
914 1990 1031 2054 Quod
1049 1989 1081 2027 si
1099 1996 1262 2027 vosmet-

154 2047 240 2098 ipsi,
268 2046 389 2097 (quod
413 2059 435 2083 a
454 2045 575 2083 vestra
593 2038 773 2095 religione
799 2051 836 2082 et
858 2043 1041 2096 sapientia
1058 2043 1262 2081 remotissi-

152 2113 263 2138 mum
289 2106 360 2146 est)
384 2099 492 2137 istius
509 2099 661 2136 honoris
675 2111 802 2145 causa,
817 2098 916 2136 hanc
933 2096 1106 2135 eamdem
1125 2109 1261 2147 excep-

153 2155 310 2203 tionem,
339 2154 485 2204 injussu
510 2152 658 2205 populi,
684 2151 733 2190 ad
757 2152 881 2203 legem
906 2150 1067 2190 adscribi
1081 2150 1261 2200 jubeatis,
