1429 2344
211 63 290 103 360
317 61 395 101 DE
417 61 625 101 CLARIS
645 59 1040 110 ORATORIBUS,
1057 59 1163 100 CAP.
1176 61 1216 100 6.

212 201 217 208 ,
263 171 381 209 Nunc
400 182 500 218 vero,
521 169 662 221 inquit,
683 169 714 207 si
734 182 771 207 es
791 168 920 207 animo
940 181 1073 217 vacuo,
1090 180 1237 220 expone
1255 180 1325 207 no-

209 225 267 262 bis
282 225 385 275 quod
400 224 618 275 quaerimus.
644 223 843 270 Quidnam
859 223 997 261 estid?
1012 223 1183 274 inquam.
1204 222 1323 270 Quod

208 279 306 316 mihi
334 291 456 328 nuper
485 278 524 314 in
556 277 779 314 Tusculano
808 277 994 314 inchoiisti
1020 276 1067 314 de
1093 276 1319 324 oratoribus,

208 332 361 382 quando
376 344 454 369 esse
475 331 683 382 coepissent,
700 330 767 381 qui
789 330 917 377 etiam,
933 338 970 368 et
993 331 1124 381 quales
1138 330 1319 368 fuissent:

209 399 326 436 quem
358 398 426 435 ego
457 397 670 422 sermonem
701 397 790 421 cum
821 384 870 421 ad
899 385 1069 422 Brutum
1102 391 1230 431 tuum,
1261 384 1322 421 vel

207 447 381 477 nostrum
399 439 539 489 potius,
561 438 793 484 detulissem,
814 450 1043 488 magnopere
1057 437 1119 475 hic
1137 437 1268 475 audire
1282 450 1322 476 se

206 493 304 531 velle
318 492 426 530 dixit.
455 493 592 543 Itaque
606 493 709 529 hunc
724 491 907 541 elegimus
921 491 1037 540 diem,
1053 504 1142 529 cum
1156 499 1194 529 te
1210 491 1321 529 scire-

206 559 295 584 mus
325 559 402 584 esse
428 558 604 584 vacuum.
649 546 793 593 Quare,
825 545 856 582 si
880 545 950 582 tibi
975 552 1030 582 est
1055 544 1316 594 commodum,

206 600 275 638 ede
293 600 372 647 issa,
394 613 480 650 quae
499 612 675 650 coeperas,
696 606 733 636 et
750 599 874 636 Bruto
894 606 931 636 et
948 599 1057 636 mihi.

258 654 345 705 Ego
371 667 471 701 vero,
495 654 670 704 inquam,
691 653 722 690 si
740 660 912 703 potuero,
932 652 1070 690 faciam
1088 652 1195 690 vobis
1214 652 1316 690 satis.

205 707 366 754 Poteris,
387 707 536 758 inquit:
567 707 696 745 relaxa
720 706 835 744 modo
859 707 1022 758 paulum
1040 706 1229 756 animum,
1249 713 1317 744 aut

206 774 296 811 sane
316 761 363 804 (si
382 768 504 812 potes)
523 761 653 799 libera.

204 845 213 853 .
259 804 413 866 Nempe
444 814 561 866 igitur
592 814 682 852 hinc
713 821 813 862 tum,
848 814 1053 866 Pomponi,
1089 813 1226 852 ductus
1258 820 1314 852 est

204 882 341 916 sermo,
371 869 474 919 quod
499 876 578 907 erat
603 882 626 906 a
643 881 706 906 me
727 868 871 906 mentio
889 868 1002 917 faeta,
1023 881 1176 907 causam
1195 867 1315 906 Deio-

202 923 287 971 tari,
304 923 514 960 fidelissimi
533 930 647 974 atque
662 922 797 974 optimi
811 922 923 972 regis,
944 922 1180 960 ornatissime
1197 929 1235 960 et
1252 935 1314 961 co-

202 977 412 1028 piosissime
430 990 453 1014 a
471 977 594 1014 Bruto
613 989 675 1013 me
695 976 844 1014 audisse
864 976 1070 1014 defensam.

200 1052 204 1057 -
255 1031 331 1069 VI.
362 1030 460 1079 Scio,
488 1030 627 1081 inquit,
655 1031 703 1067 ab
729 1030 800 1067 isto
826 1030 933 1068 initio
958 1038 1122 1068 tractum
1142 1043 1220 1068 esse
1238 1043 1315 1069 ser-

201 1097 371 1132 monem,
393 1091 518 1135 teque,
546 1083 661 1122 Bruti
685 1083 876 1121 dolentem
904 1084 1038 1131 vicem,
1067 1084 1176 1135 quasi
1200 1084 1315 1123 defle-

201 1139 298 1177 visse
313 1138 546 1188 judiciorum
565 1138 792 1186 vastitatem,
821 1144 858 1175 et
882 1137 965 1175 fori.
1008 1138 1112 1185 Feci,
1138 1138 1313 1190 inquam,

201 1192 300 1230 istuc
314 1192 484 1244 quidem,
502 1198 538 1229 et
552 1204 650 1242 saepe
669 1191 776 1229 facio.
818 1191 926 1229 Nam
939 1191 1050 1239 mihi,
1066 1192 1202 1240 Brute,
1218 1192 1258 1229 in
1277 1200 1316 1230 te

201 1246 380 1292 intuenti,
408 1247 536 1284 crebro
554 1245 594 1282 in
613 1252 782 1283 mentem
800 1245 903 1283 venit
922 1245 1054 1294 vereri,
1075 1246 1314 1297 ecquodnam

202 1300 435 1339 curriculum
461 1299 666 1350 aliquando
685 1299 732 1336 sit
750 1299 928 1336 habitura
946 1306 1014 1336 tua
1038 1306 1075 1337 et
1092 1306 1230 1337 natura
1247 1300 1315 1338 ad,-

200 1354 400 1401 mirabilis,
428 1360 464 1391 et
489 1353 677 1403 exquisita
701 1352 884 1400 doctrina,
909 1358 946 1391 et
964 1353 1164 1404 singularis
1182 1353 1316 1392 indus-

199 1408 283 1445 tria.
315 1407 418 1446 Cum
432 1406 535 1446 enim
549 1406 589 1444 in
602 1406 783 1444 maximis
801 1406 922 1445 causis
943 1414 1111 1445 versatus
1130 1420 1240 1456 esseS,
1261 1415 1313 1456 et,

201 1474 290 1499 cum
310 1462 380 1500 tibi
399 1469 488 1499 aetas
512 1468 640 1498 nostra
660 1461 744 1509 jam
764 1460 922 1507 cederet,
941 1460 1135 1512 fascesque
1153 1461 1316 1500 submit-

201 1522 310 1564 teret,
340 1515 465 1553 subito
492 1514 533 1552 in
564 1514 713 1553 civitate
741 1527 830 1552 cum
862 1514 937 1552 alia
967 1514 1195 1563 ceciderunt,
1228 1522 1314 1553 tum

200 1569 316 1607 etiam
337 1583 380 1607 ea
398 1569 494 1620 ipsa,
522 1568 569 1606 de
588 1568 666 1620 quii
684 1568 876 1620 disputare
894 1568 1079 1619 ordimur,
1099 1569 1315 1621 eloquentia

198 1623 403 1661 obmutuit.

251 1677 360 1714 Tum
384 1676 464 1724 ille,
492 1675 727 1714 Caeterarum
745 1689 874 1714 rerum
893 1676 1021 1725 causa,
1047 1676 1187 1729 inquit,
1213 1676 1311 1716 istuc

198 1737 236 1768 et
254 1730 377 1775 doleo,
399 1738 436 1768 et
454 1729 661 1768 dolendum
680 1737 798 1781 put03
830 1730 979 1768 dicendi
1004 1738 1133 1769 autem
1151 1744 1214 1768 me
1232 1743 1311 1769 non

196 1791 277 1822 tam
302 1784 447 1822 fructus
475 1790 512 1820 et
535 1783 669 1834 gloria,
696 1797 814 1835 quam
833 1784 1004 1822 studium
1022 1784 1149 1836 ipsum
1170 1785 1312 1823 exerci-

190 1838 377 1889 tatioque,
398 1837 582 1882 delectat3
613 1837 717 1888 quod
746 1837 844 1875 mihi
872 1838 980 1875 nulla
1008 1851 1066 1876 res
1097 1838 1243 1889 eripiet,
1270 1846 1310 1877 te

194 1891 403 1942 praesertim
422 1898 502 1928 tam
525 1890 702 1929 studioso.
742 1890 900 1929 Etenim
925 1891 1048 1929 dicere
1072 1893 1170 1930 bene
1194 1904 1309 1930 nemo

192 1952 330 1996 potest,
351 1944 423 1983 nisi
442 1944 509 1996 qui
522 1944 728 1995 prudenter
746 1944 937 1996 intelligit.
979 1944 1125 1994 Quare,
1142 1946 1210 1997 qui
1230 1946 1307 1984 elo-

192 1999 359 2050 quentiae
386 2012 483 2036 verae
509 1998 574 2036 dat
598 2011 766 2049 operam,
798 1999 864 2036 dat
893 1999 1120 2050 prudentiae,
1151 1999 1230 2050 quit
1258 2012 1308 2038 ne

186 2053 371 2093 maximis
397 2052 553 2104 quidem
577 2052 619 2090 in
644 2052 754 2091 bellis
781 2065 890 2105 aequo
909 2053 1038 2091 animo
1058 2066 1183 2093 carere
1202 2053 1306 2105 quis-

191 2119 309 2157 quam
328 2114 462 2158 potest.

243 2160 441 2210 Praeclare,
461 2160 636 2213 inquam,
652 2160 789 2210 Brute,
810 2159 928 2207 dicis3
951 2175 1073 2214 eoque
1091 2160 1214 2214 magis
1232 2160 1305 2200 ist&
