1429 2344
197 57 280 96 334
332 57 412 97 DE
433 57 732 110 ORATORE‚
761 58 862 99 Lm.
879 59 964 99 ΙΙΙ.
992 59 1098 98 CAP.
1113 58 1178 97 42.

195 172 359 218 utroque
384 167 565 206 deformis
590 168 768 219 cogitatio
787 167 1060 207 similitudinis.
1108 165 1213 205 Nolo
1232 177 1312 203 esse

195 227 264 257 aut
282 222 409 270 majus
440 235 558 273 quam
577 235 635 260 res
661 223 842 273 postulet,
876 225 1100 272 Tempestas
1130 220 1311 259 comissa-

195 275 314 312 tionis
332 290 345 322 ;
377 282 444 312 aut
473 276 615 324 minus,
651 278 872 315 comissatio
905 277 1156 326 tempestatis.
1208 273 1313 312 Nolo

196 341 275 365 esse
294 331 453 367 verbum
472 330 671 380 angustius
690 331 731 367 id
750 331 854 382 quod.
868 331 1096 369 translatum
1115 329 1177 378 sit,
1193 340 1312 380 quam

195 381 329 420 fuisset
346 383 444 420 illud
462 384 661 435 proprium
681 398 724 422 ac
743 398 881 423 suum:

251 458 280 478 ‘⁶
296 457 496 504 Quidnam
515 465 583 507 est,
604 460 756 497 obsecro
772 460 789 497 ?
810 458 904 510 quid
922 464 960 496 te
978 456 1075 495 adiri
1089 457 1250 494 abnutas
1265 454 1312 493 ?'’

197 544 336 635 giielius
350 552 458 594 esset,
479 552 596 595 vetas,
609 546 801 596 prohibes,
821 546 1030 584 absterres:
1054 541 1237 595 quoniam
1251 540 1317 579 ille

244 606 363 648 xerat,

251 674 282 695 ‘⁶
298 673 408 713 Illico
421 674 518 723 istic,
539 687 587 713 ne
602 675 776 726 contagio
791 687 878 713 mea
890 673 1014 722 bonis,
1030 672 1230 719 umbrave,
1246 670 1316 707 ob-

417 728 504 766 sit.”

250 802 387 854 Atque
406 803 535 852 etiam,
556 803 587 842 si
601 817 764 853 vereare,
785 816 833 842 ne
846 802 964 855 paulo
978 800 1107 839 durior
1121 798 1317 838 translatio

199 869 278 895 esse
297 857 483 906 videatur,
509 858 717 895 mollienda
736 865 805 906 est,
837 856 1038 909 praeposito
1058 867 1157 906 saepe
1175 854 1314 891 verbo:

201 918 244 948 ut
272 911 304 948 si
331 912 439 960 olim,
472 912 533 949 M.
560 911 704 950 Catone
729 919 895 959 mortuo,
918 910 1122 961 pupillum
1145 914 1319 947 senatum

199 964 287 1016 quis
305 965 480 1003 relictum
499 966 652 1013 diceret,
679 966 795 1017 paulo
821 965 980 1010 durius;
1011 963 1084 1011 sin,
1112 969 1158 1000 ut
1179 963 1234 999 ita
1255 961 1319 998 di-

202 1031 304 1067 cam,
319 1020 537 1069 pupillum,
554 1019 749 1070 aliquanto
763 1019 906 1056 mitius.
934 1017 1093 1056 Etenim
1108 1014 1319 1054 verecunda

203 1072 315 1111 debet
342 1086 420 1111 esse
449 1073 658 1121 translatio,
686 1081 730 1111 ut
748 1073 909 1110 deducta
927 1071 967 1109 in
986 1071 1156 1108 alienum
1173 1070 1318 1116 locum,

202 1138 281 1164 non
307 1127 473 1175 irruisse,
501 1135 614 1178 atque
639 1134 683 1165 ut
707 1126 889 1178 precario,
917 1137 995 1163 non
1021 1125 1073 1173 vi,
1101 1122 1245 1162 venisse
1264 1121 1322 1160 vi-

202 1179 349 1218 deatur.
379 1181 525 1219 Modus
540 1189 668 1219 autem
683 1181 813 1218 nullus
829 1187 884 1218 est
897 1178 1088 1217 florentior
1106 1177 1147 1214 in
1162 1175 1322 1227 singulis

203 1234 341 1282 verbis,
370 1247 439 1273 nec
466 1235 535 1286 qui
559 1235 646 1286 plus
672 1234 830 1272 luminis
856 1233 988 1271 afferat
1014 1231 1185 1270 orationi.
1207 1230 1229 1250 ¹*
1252 1229 1274 1250 ³*
1298 1229 1319 1250 '⁵

204 1288 313 1326 Nam
331 1288 442 1337 illud,
470 1289 575 1340 quod
594 1302 641 1326 ex
659 1289 731 1326 hoc
749 1300 885 1339 genere
903 1285 1072 1338 profluit,
1098 1297 1176 1322 non
1200 1290 1255 1322 est
1279 1283 1320 1321 in

202 1354 282 1379 uno
297 1345 412 1381 verbo
430 1343 613 1380 translato
628 1356 640 1388 ς
659 1343 725 1380 sed
738 1355 785 1380 ex
803 1341 979 1392 pluribus
994 1338 1220 1378 continuatis
1235 1349 1323 1375 con-

204 1396 383 1447 nectitur,
405 1404 449 1435 ut
468 1397 574 1435 aliud
593 1396 755 1446 dicatur,
776 1395 883 1434 aliud.
901 1393 1196 1445 intelligendum
1214 1391 1262 1430 sit
1273 1405 1286 1429 ε

494 1475 523 1496 “
541 1474 682 1525 Neque
699 1487 763 1512 me
781 1472 905 1525 patiar
922 1472 1063 1511 iterum

257 1526 327 1566 Ad
351 1540 480 1619 umus}
503 1529 706 1619 saopulum
732 1535 770 1567 et
794 1528 917 1566 telum
943 1527 1101 1566 classem
1125 1524 1323 1564 Achivam

420 1595 442 1620 ο
473 1594 521 1620 en
549 1595 622 1620 ere.

204 1668 341 1721 Atque
359 1669 472 1718 illud,

260 1746 289 1766 ‘⁶
305 1743 437 1791 Erras,
463 1756 587 1781 erras:
609 1756 701 1781 nam
721 1743 975 1782 exsultantem
995 1748 1047 1790 te,
1067 1747 1106 1780 et
1123 1739 1323 1792 praefiden-

421 1804 500 1834 tem
520 1797 605 1844 tibi,

258 1850 489 1903 Repriment
516 1851 651 1888 validae
675 1851 807 1901 legum
832 1850 1006 1899 habenae,
1034 1855 1150 1900 atque
1175 1847 1327 1899 imperii

421 1905 597 1942 insistent
612 1905 749 1955 jugo.''

205 1990 348 2031 Sumta
381 2004 422 2029 re
447 1991 576 2039 simili,
603 1993 719 2029 verba
743 1991 824 2040 ejus
849 1990 904 2028 rei
921 1990 1075 2042 propria
1092 1989 1268 2041 deinceps
1285 1990 1327 2027 in

207 2059 291 2084 rem
311 2045 427 2083 aliam
448 2048 508 2088 (ut
527 2045 625 2093 dixi)
646 2045 937 2083 transferuntur.

262 2099 404 2137 XLII.
434 2099 507 2138 Est
524 2099 597 2137 hoc
622 2111 810 2149 magnum
836 2105 1107 2136 ornamentum
1132 2096 1326 2143 orationis,

207 2153 249 2192 in
269 2166 346 2205 quo
366 2152 573 2194 obscuritas
584 2152 768 2203 fugienda
782 2159 849 2191 est.
879 2152 1038 2191 Etenim
1050 2165 1098 2192 ex
1111 2152 1183 2191 hoc
1193 2163 1329 2203 genere
