1407 2308
261 56 339 97 DE
367 55 659 106 onmorm,
689 54 788 94 LIB.
809 54 843 93 1.
873 53 976 92 01]).
997 53 1063 91 33.
1138 53 1212 97 157

113 167 200 213 bus,
227 176 304 203 non
329 171 374 203 ut
402 177 447 202 ea
474 163 590 202 secuti
619 171 780 202 oratores
810 160 1033 213 eloquentiae
1059 159 1214 198 laudem

115 219 190 257 sint
207 218 347 269 adepti,
367 217 446 264 sed,
466 230 552 268 quae
571 230 639 255 sua
657 225 789 267 sponte
807 216 977 253 homines
997 215 1213 274 eloquentes

114 272 290 319 facerent,
320 284 363 309 ea
381 271 564 322 quosdam
583 271 809 316 observasse,
829 277 942 319 atque
963 266 1023 316 [id
1048 267 1187 317 egisse.
1178 267 1212 317 .]

114 325 166 363 sic
185 337 262 363 esse
280 337 356 362 non
375 324 628 375 eloquentiam
654 337 701 361 ex
726 323 895 369 artificio,
923 321 987 359 sed
1011 320 1213 358 artificium

114 391 162 416 ex
191 377 405 439 eloquentia
435 385 594 414 natum:
625 376 734 437 quod
757 385 897 436 tamen,
929 381 973 412 ut
1002 380 1089 411 ante
1118 373 1213 418 dixi

113 443 189 469 non
215 431 345 480 ejicio.
375 438 430 468 est
455 430 570 477 8111111,
592 430 737 468 etiamsi
755 429 882 466 minus
900 427 1148 465 necessarium
1167 400 1216 463 ad

112 485 208 522 bene
226 484 442 531 dicendum,
469 492 595 521 tamen
615 483 662 520 ad
681 481 980 534 cognoscendum
999 493 1074 518 non
1092 480 1214 517 illibe-

114 538 204 575 rale.
245 537 300 575 Et
318 537 530 575 exercitatio
548 517 748 587 quaedmon
749 535 984 586 suscipienda
1008 533 1112 571 vobis
1133 540 1212 570 est:

114 603 350 651 quamquam
375 603 440 628 vos
465 590 620 641 quidem
641 589 870 640 jampridem
896 588 981 625 estis
1004 587 1044 624 in
1075 599 1212 624 eursu.

114 643 206 682 58(1
197 644 238 691 11,
267 644 334 695 qui
351 643 643 693 ingrediuntur
633 655 672 680 111
692 643 870 689 stadium,
892 641 1033 692 quique
1052 653 1107 687 ea,
1128 651 1216 700 quae

113 697 259 748 agenda
276 703 365 735 sunt
382 697 421 733 in
439 697 534 744 foro,
550 704 747 747 tamquam
766 696 805 733 in
825 695 915 742 acie,
931 701 1086 744 possunt
1101 693 1214 730 etiam

111 763 215 788 nunc
239 749 499 788 exercitatione
525 749 632 810 quasi
656 749 801 787 ludicra
825 747 1042 799 praediscere
1067 759 1109 784 30
1132 758 1214 783 1118-

112 803 235 841 ditari.
283 803 396 841 Hanc
422 803 560 853 ipsam,
588 802 713 853 inquit
741 802 944 852 Sulpicius,
970 802 1079 837 nosse
1106 799 1215 837 volu-

111 869 223 894 mus:
264 864 430 894 attamen
462 856 546 904 ista,
581 869 667 906 quae
697 857 764 893 abs
797 863 833 892 te
863 854 1025 892 breviter
1057 853 1103 890 de
1135 859 1215 889 arte

110 909 266 948 decursa
278 916 380 957 sunt,
401 909 530 947 audire
545 909 733 959 cupimus,
754 920 988 959 quamquam
1003 912 1091 944 sunt
1105 905 1214 942 nobis

110 976 263 1014 quoque
290 975 367 1000 non
391 962 572 999 inaudita.
613 962 761 1000 Verum
785 962 852 998 illa
876 973 991 998 mox.
1021 971 1137 1007 nunc,
1166 958 1215 996 de

108 1016 193 1067 ipsa
211 1015 473 1054 exercitatione
491 1015 585 1066 quid
603 1015 753 1063 sentias,
774 1014 990 1065 quaerimus.

162 1069 373 1108 XXXIII.
401 1068 596 1120 Equidem
621 1070 739 1119 probo
769 1068 853 1115 ista,
886 1067 1042 1106 Crassus
1070 1066 1212 1117 inquit,

110 1137 198 1176 quae
222 1135 288 1161 vos
311 1122 433 1160 facere
457 1122 596 1170 soletis,
621 1129 679 1170 ut,
700 1121 813 1160 causa
830 1121 960 1172 aliqua
977 1120 1099 1172 posita
1124 1133 1214 1158 con-

109 1176 227 1215 simili
253 1188 451 1214 causarum
481 1188 611 1213 earum
639 1189 726 1227 quae
752 1175 792 1212 in
819 1175 947 1212 forum
976 1174 1211 1221 deferuntur,

108 1230 240 1269 dicatis
269 1242 387 1281 quam
414 1229 582 1267 maxime
607 1229 656 1266 ad
682 1228 876 1267 veritatem
906 1227 1210 1266 accommodate·

109 1283 176 1322 sed
192 1282 390 1334 plerique
379 1295 419 1320 111
444 1282 516 1320 hoc
540 1295 670 1320 vocem
695 1282 823 1329 modo,
851 1294 974 1332 neque
993 1293 1076 1318 eam
1096 1280 1213 1317 scien-

110 1344 180 1385 ter,
207 1343 244 1374 et
268 1337 363 1374 vires
382 1343 555 1374 exercent
573 1349 672 1382 suas,
694 1344 730 1372 et
747 1335 888 1385 linguae
907 1334 1133 1372 celeritatem
1152 1334 1212 1371 in-

110 1390 242 1437 citant,
262 1391 536 1439 verborumque
550 1388 762 1439 frequentia
781 1388 1025 1425 delectantur.
1067 1386 1116 1423 In
1136 1400 1213 1438 quo

111 1443 211 1481 fallit
240 1455 315 1489 eos,
346 1442 450 1493 quod
477 1442 691 1489 audierunt,
722 1443 749 1462 “
766 1440 922 1479 (110811ᾶο
951 1439 1137 1488 homines,
1169 1448 1214 1478 ut

111 1496 252 1543 dicant,
281 1495 423 1533 efficere
447 1495 562 1533 solere
576 1495 616 1531 :''
645 1507 730 1532 vere
752 1494 854 1531 enim
873 1494 986 1532 etiam
1005 1493 1102 1530 111οἀ
1120 1494 1213 1532 dici-

111 1557 189 1597 tur,
220 1551 248 1571 “
264 1549 441 1587 Perverse
465 1548 586 1586 dicere
615 1547 800 1595 homines,
834 1560 1004 1598 perverse
1037 1547 1209 1595 dicendo,

112 1602 291 1641 facillime
315 1602 532 1652 consequi.”
572 1600 849 1648 Quamobrem,
869 1601 910 1638 in
934 1600 1014 1638 istis
1038 1600 1128 1651 ipsis
1147 1614 1213 1639 ex-

112 1655 404 1703 ercitationibus,
434 1655 502 1693 etsi
533 1655 626 1692 utile
659 1662 714 1692 est
740 1654 853 1692 etiam
879 1654 1002 1692 subito
1028 1667 1126 1705 saepe
1155 1654 1214 1691 di-

112 1722 208 1758 cere,
235 1715 364 1747 tamen
387 1708 485 1746 illud
509 1708 654 1756 utilius,
683 1715 807 1746 sumto
826 1707 945 1758 spatio
971 1707 1020 1745 ad
1044 1708 1213 1758 cogitan-

108 1763 217 1812 dum,
237 1762 403 1814 paratius
417 1769 531 1813 atque
549 1761 756 1800 accuratius
771 1761 902 1799 dicere.
943 1760 1069 1812 Caput
1083 1768 1212 1799 autem

110 1823 179 1865 est,
199 1815 303 1877 quod
321 1818 382 1859 (ut
394 1828 479 1854 vere
497 1815 637 1862 dicam)
653 1815 811 1852 minime
829 1814 1002 1862 facimus,
1023 1817 1094 1857 (est
1108 1814 1210 1852 enim

111 1869 242 1920 magni
259 1869 410 1917 laboris,
430 1881 545 1920 quem
563 1868 732 1919 plerique
749 1867 938 1918 fugimus)
957 1880 1073 1927 quam
1092 1867 1211 1918 pluri-

109 1934 221 1960 mum
246 1922 416 1960 scribere.
463 1923 491 1944 “
507 1921 625 1960 Stilus
643 1922 810 1972 optimus
828 1928 866 1959 et
883 1920 1211 1971 praestantissimus

111 1975 260 2014 dicendi
282 1975 430 2014 effector
448 1988 491 2013 30
508 1975 710 2025 magister·
699 2003 711 2020 ,
715 1975 743 1992 ”
769 1987 892 2026 neque
910 1973 1073 2022 injuria:
1104 1986 1209 2033 nam,

113 2027 145 2066 si
173 2028 337 2067 subitam
366 2035 404 2067 et
431 2028 627 2067 fortuitam
651 2028 858 2066 orationem
882 2026 1147 2066 commentatio
1173 2033 1212 2064 et

113 2081 288 2132 cogitatio
310 2081 420 2121 facile
443 2081 584 2128 vincit;
612 2082 710 2120 hanc
736 2081 858 2132 ipsam
879 2079 1047 2139 profecto
1063 2078 1213 2117 assidua

112 2146 158 2173 30
181 2133 340 2185 diligens
364 2134 547 2186 scriptura
572 2134 774 2188 superabit.
818 2134 964 2174 Omnes
990 2132 1106 2182 enim,
1133 2131 1213 2171 sive

166 2188 359 2237 (Rbetor.)
378 2199 482 2229 vor..
503 2200 534 2227 1.
866 2198 890 2224 Ρ
