1429 2344
199 64 252 101 62
309 63 386 103 DE
409 64 800 114 INVENTIONE,
832 66 929 104 Lm.
953 65 1010 103 ΙΙ.
1041 65 1145 104 CAP.
1165 65 1204 104 3.

196 183 283 210 rum
296 173 426 222 altera,
443 186 531 212 cum
546 181 754 212 versaretur
769 174 807 211 in
821 173 1074 225 philosophia,
1087 172 1313 211 nonnullam

196 225 389 265 rhetoricae
407 240 559 279 quoque
578 228 667 265 artis
687 228 757 266 sibi
776 240 906 266 curam
926 228 1166 271 assumebat3
1196 227 1313 264 altera

194 291 281 317 vero
300 280 424 318 omnis
442 281 482 317 in
501 281 650 319 dicendi
669 288 747 319 erat
766 281 890 319 studio
915 288 952 319 et
977 280 1226 332 praeeeptione
1249 292 1312 317 oc-

193 341 347 383 cupata)
374 347 497 371 unum
516 334 709 385 quoddam
737 342 791 372 est
819 334 1027 372 conflatum
1046 347 1165 385 genus
1184 347 1208 371 a
1224 345 1311 384 pos-

191 387 404 435 terioribus,
435 388 503 438 qui
533 390 581 426 ab
611 388 781 439 utrisque
809 402 866 437 ea,
900 402 987 439 quae
1015 387 1212 426 commode
1239 386 1314 424 dici

194 440 435 488 videbantur,
471 442 512 479 in
545 455 630 479 suas
663 449 759 479 artes
791 443 1054 480 contulerunt:
1092 454 1186 492 quos
1213 440 1314 491 ipsos

193 493 322 541 simul,
339 502 453 546 atque
468 495 552 533 illos
571 496 792 546 superiores,
808 508 876 533 nos
894 496 1003 533 nobis
1017 507 1163 542 01111185,
1184 492 1312 545 quoad

193 546 353 585 facultas
385 549 486 596 tulit,
521 549 812 600 proposuimus3
851 556 888 587 et
920 562 966 587 ex
998 555 1126 586 nostro
1158 559 1312 598 quoque

193 600 368 638 nonnihil
387 601 427 639 in
452 615 656 640 commune
681 603 921 640 contulimus.
962 602 1079 649 Quod
1098 602 1129 639 si
1148 614 1205 648 ea,
1226 613 1314 651 quae

192 654 233 691 in
253 654 312 691 his
331 655 436 693 libris
456 663 712 707 exponuntur,
732 663 927 707 tantopere
952 656 1125 707 eligenda
1142 654 1312 702 fuerunt,

194 716 338 758 quanto
358 707 483 747 studio
509 711 625 748 electa
651 717 752 758 sunt,
778 710 945 761 profecto
963 722 1086 761 neque
1103 721 1172 746 nos
1189 719 1314 758 neque

195 761 287 799 alios
312 762 508 801 industriae
533 771 669 802 nostrae
692 764 900 814 poenitebit.
931 764 999 802 Sin
1025 770 1152 801 autem
1171 768 1313 799 temere

194 815 341 866 aliquid
367 817 527 865 alicujus
555 820 777 868 praeterisse,
810 824 877 855 aut
901 830 977 855 non
1008 817 1096 855 satis
1124 816 1313 866 eleganter

194 869 326 917 secuti,
347 870 586 917 videbimur3
615 871 713 909 docti
733 874 780 910 ab
799 872 942 922 aliquo,
969 871 1078 908 facile
1097 877 1134 908 et
1151 869 1313 907 libenter

194 924 420 961 sententiam
448 925 780 964 commutabimus.
825 926 916 963 Non
950 925 1053 963 enim
1083 936 1222 975 parum
1249 934 1311 960 80-

192 978 343 1026 gnosse,
364 978 429 1015 sed
447 978 486 1016 in
512 992 649 1030 parum
674 980 823 1030 cognito
849 980 962 1017 stulte
987 985 1024 1016 et
1048 977 1114 1015 diu
1140 989 1312 1028 perseve-

193 1030 309 1078 rasse,
336 1038 448 1082 turpe
474 1039 553 1077 est3
583 1040 780 1084 propterea
805 1033 908 1084 quod
934 1033 1096 1070 alterum
1116 1029 1311 1069 communi

194 1083 397 1122 hominum
422 1086 649 1135 infirmitati,
677 1088 839 1124 alterum
861 1085 1044 1137 singulari
1069 1084 1311 1133 uniuscujus-

195 1150 270 1188 que
296 1139 401 1187 vitio,
430 1146 485 1177 est
509 1141 748 1178 attributum.
796 1140 927 1188 Quare
953 1153 1021 1178 nos
1046 1139 1202 1190 quidem
1230 1137 1310 1175 sine

193 1192 275 1229 ulla
289 1192 552 1242 affirmatione,
569 1194 684 1232 simul
697 1200 919 1245 quaerentes,
936 1193 1153 1232 dubitanter
1166 1204 1309 1229 unum-

194 1245 374 1297 quodque
393 1247 575 1295 dicemus,
596 1261 658 1295 ne,
679 1248 774 1286 dum
792 1248 997 1299 parvulum
1022 1248 1093 1285 hoc
1113 1244 1309 1296 consequi-

194 1311 297 1346 mur,
326 1307 371 1337 ut
389 1301 478 1339 satis
504 1301 702 1340 commode
726 1302 808 1340 haec
826 1301 1080 1353 perscripsisse
1098 1299 1309 1345 videamur,

194 1352 292 1389 illud
317 1353 539 1392 amittamus
569 1355 673 1406 quod
696 1356 913 1392 maximum
939 1362 1008 1403 est,
1035 1363 1079 1392 ut
1105 1366 1153 1391 ne
1171 1352 1233 1390 cui
1258 1351 1311 1389 rei

193 1413 335 1445 temere
364 1416 479 1458 atque
504 1416 721 1459 arroganter
745 1409 1023 1447 assenserimus.
1066 1408 1215 1445 Verum
1240 1405 1312 1443 hoc

194 1460 352 1510 quidem
377 1473 459 1509 nos,
488 1469 525 1500 et
542 1462 582 1500 in
601 1463 672 1501 hoc
691 1470 873 1514 tempore,
895 1469 931 1501 et
950 1463 990 1499 in
1010 1461 1115 1499 omni
1134 1460 1213 1499 vita
1231 1465 1310 1497 stu-

193 1513 310 1562 diose,
351 1515 478 1566 quoad
510 1516 669 1554 facultas
702 1517 810 1564 feret,
849 1528 1135 1567 consequemur.
1193 1513 1311 1551 Nunc

194 1574 340 1615 autem,
367 1581 415 1606 ne
433 1569 584 1619 longius
603 1570 721 1608 oratio
740 1583 935 1621 progressa
953 1569 1138 1615 videatur,
1159 1567 1206 1605 de
1223 1566 1310 1604 reli-

195 1621 295 1671 quis,
317 1635 404 1672 quae
422 1623 674 1674 praecipienda
692 1624 868 1661 videntur
886 1636 977 1671 esse,
998 1623 1179 1661 dicemus.

249 1675 376 1725 Igitur
399 1676 547 1726 primus
572 1678 682 1726 liber,
710 1678 879 1728 exposito
904 1689 1039 1728 genere
1064 1676 1180 1724 hujus
1206 1673 1309 1721 artis,

193 1734 231 1766 et
249 1729 384 1777 officio,
405 1736 443 1767 et
460 1730 550 1778 fine,
572 1738 608 1768 et
626 1731 800 1778 materia,
817 1738 854 1769 et
868 1730 1053 1782 partibus,
1069 1741 1208 1780 genera
1222 1740 1311 1765 con-

193 1783 473 1831 troversiarum,
496 1791 532 1821 et
549 1784 798 1833 inventiones,
820 1791 858 1822 et
879 1783 1176 1830 constitutiones,
1196 1788 1233 1820 et
1248 1782 1313 1830 ju-

193 1837 396 1875 dicationes
412 1838 641 1885 continebat,
655 1838 791 1876 deinde
802 1844 926 1889 partes
937 1836 1128 1884 orationis,
1145 1842 1182 1873 et
1194 1835 1235 1872 in
1250 1847 1312 1872 eas

193 1903 326 1929 omnes
341 1891 470 1928 omnia
484 1898 682 1942 praecepta.
729 1891 861 1938 Quare
879 1904 967 1929 cum
986 1890 1027 1928 in
1045 1902 1089 1928 eo
1104 1888 1245 1927 caeten's
1263 1887 1311 1926 de

193 1946 308 1982 rebus
333 1944 545 1983 distinctius
569 1945 714 1983 dictum
741 1945 802 1993 sit,
829 1944 993 1995 disperse
1010 1951 1140 1982 autem
1158 1942 1205 1980 de
1223 1953 1312 1980 con-

194 1997 408 2036 firmatione
426 2004 464 2036 81
490 1998 538 2037 de
562 1998 875 2050 reprehensione;
905 2010 1008 2036 nunc
1033 2004 1151 2035 certos
1176 1995 1311 2034 confir-

196 2051 328 2089 mandi
347 2058 384 2090 et
396 2052 707 2104 reprehendendi,
722 2052 763 2090 in
778 2052 928 2103 singula
942 2062 1141 2089 causarum
1159 2061 1311 2100 genera,

194 2105 295 2143 locos
314 2105 513 2144 tradendos
532 2106 773 2144 arbitramur.
801 2105 857 2143 Et
870 2105 975 2156 quia,
996 2117 1073 2156 quo
1086 2110 1197 2156 pacto
1215 2109 1311 2140 trac-

196 2158 267 2196 tari
287 2159 501 2199 conveniret
519 2159 879 2211 argumentationes,
906 2159 945 2197 in
971 2158 1069 2199 libro
1093 2156 1217 2208 primo
1236 2167 1314 2194 non
