1407 2308
235 320 317 375 M.
345 321 621 377 TULLII
661 325 1082 381 CICERONIS

631 480 694 510 DE

358 595 959 659 ORATORE

405 750 582 791 LIBER
601 752 905 794 SECUNDUS.

592 897 730 924 —*—

170 1005 205 1044 I.
233 1005 410 1044 MAGNA
427 1006 536 1045 nobis
554 1007 693 1059 pueris,
714 1006 860 1055 Quinte
872 1006 1000 1055 frater,
1021 1006 1052 1045 si
1069 1018 1214 1046 memo-

114 1058 172 1097 ria
188 1066 306 1108 tenes,
325 1059 452 1111 opinio
470 1060 557 1109 fuit,
584 1060 632 1098 L.
649 1060 827 1099 Crassum
845 1073 921 1098 non
945 1060 1031 1112 plus
1049 1060 1215 1111 attigisse

114 1112 305 1162 doctrinae,
326 1125 442 1164 quam
460 1120 646 1164 quantum
664 1114 789 1165 prima
813 1114 880 1151 illa
905 1113 1042 1173 puerili
1066 1113 1217 1151 institu-

115 1166 218 1204 tione
235 1166 440 1217 potuisset·
428 1195 441 1213 ,
462 1166 522 1205 M.
543 1173 670 1205 autem
688 1167 904 1205 Antonium
922 1167 1076 1205 omnino
1093 1166 1217 1204 omnis

115 1219 335 1258 eruditionis
349 1226 540 1271 expertem
554 1226 668 1272 atque
684 1220 861 1271 ignarum
877 1220 1015 1258 fuisse:
1037 1227 1218 1270 erantque

115 1273 242 1321 multi,
263 1273 344 1324 qui,
363 1286 597 1325 quamquam
615 1286 691 1311 non
709 1274 763 1311 ita
781 1286 858 1311 sese
871 1286 951 1311 rem
964 1273 1102 1311 habere
1119 1273 1219 1310 arbi-

115 1332 315 1374 trarentur,
335 1333 477 1375 tamen,
493 1339 568 1377 quo
585 1326 732 1364 facilius
749 1339 817 1364 nos
835 1326 1002 1364 incensos
1021 1325 1143 1363 studio
1162 1325 1220 1363 di-

116 1378 226 1416 cendi
244 1392 267 1416 a
284 1378 453 1417 doctrina
470 1380 710 1428 deterrerent,
735 1379 894 1417 libenter
911 1379 965 1427 id,
996 1378 1098 1430 quod
1122 1378 1218 1428 dixi,

115 1431 164 1469 de
180 1431 254 1469 illis
272 1432 479 1470 oratoribus
497 1432 764 1483 praedicarent3
797 1438 854 1481 ut,
885 1432 917 1470 si
943 1432 1114 1470 homines
1141 1444 1218 1470 non

117 1483 254 1522 eruditi
271 1497 461 1523 summam
479 1492 599 1524 essent
615 1485 855 1547 prudentiam
881 1492 995 1536 atque
1020 1485 1219 1523 incredibi-

115 1537 193 1575 lem
211 1537 464 1589 eloquentiam
482 1539 682 1587 consecuti,
712 1539 834 1576 inanis
862 1538 985 1576 omnis
1002 1544 1126 1576 noster
1143 1550 1222 1577 esse

117 1590 238 1640 labor,
262 1598 299 1629 et
320 1592 494 1640 stultum,
520 1591 560 1630 in
578 1592 686 1630 nobis
704 1591 929 1653 erudiendis,
954 1591 1070 1642 patris
1087 1591 1219 1640 nostri,

117 1643 254 1695 optimi
289 1657 332 1683 ac
369 1644 651 1696 prudentissimi
685 1645 769 1694 viri,
813 1645 982 1682 studium
1018 1644 1218 1682 videretur.

117 1696 226 1745 Quos
244 1703 342 1747 tum,
362 1704 407 1735 ut
422 1699 543 1749 pueri,
558 1698 719 1737 refutare
737 1697 946 1737 domesticis
963 1697 1133 1746 testibus,
1153 1709 1220 1748 pa-

117 1756 188 1800 tre,
219 1757 256 1789 et
274 1750 318 1790 C.
337 1750 547 1800 Aculeone,
573 1751 785 1803 propinquo
802 1757 942 1799 nostro,
974 1757 1011 1789 et
1038 1751 1087 1788 L.
1114 1750 1220 1789 Cice-

118 1815 223 1852 rone,
253 1811 403 1856 patruo,
433 1805 658 1854 solebamus,
689 1804 792 1856 quod
819 1804 867 1843 de
885 1804 1018 1843 Crasso
1035 1810 1154 1854 pater,
1184 1811 1221 1841 et

119 1856 268 1895 Aculeo
285 1859 330 1909 (q
329 1870 468 1896 uocum
486 1865 564 1896 erat
581 1865 708 1896 nostra
724 1864 954 1906 matertera),
973 1869 1090 1908 quem
1107 1856 1218 1895 Cras-

54 1938 59 1941 ·
120 1922 184 1948 sus
201 1871 334 1948 dilexiqt
351 1923 399 1949 ex
425 1911 602 1949 omnibus
630 1911 854 1962 plurimum,
886 1918 923 1948 et
951 1917 1122 1961 patruus,
1151 1908 1218 1959 qui

119 1975 208 2000 cum
235 1963 406 2002 Antonio
433 1963 473 2001 in
503 1963 675 2003 Ciliciam
699 1964 887 2015 profectus
904 1964 984 2001 una
1001 1963 1218 2010 decesserat,

120 2016 243 2054 multa
259 2016 366 2055 nobis
384 2017 431 2055 de
449 2018 529 2067 ejus
547 2017 671 2056 studio
697 2017 940 2068 doctrinaque
966 2028 1064 2067 saepe
1090 2027 1219 2052 narra-

120 2067 198 2106 vit:
222 2081 386 2121 cumque
398 2082 480 2119 nos,
495 2083 583 2108 cum
601 2070 829 2110 consobrinis
846 2069 993 2118 nostris,
1013 2067 1219 2107 Aculeonis

122 2119 222 2170 filiis,
253 2128 291 2160 et
307 2135 351 2162 ea
367 2123 593 2201 disceremus
617 2137 704 2175 quae
733 2123 866 2164 Crasso
884 2123 1086 2175 placerent,
1116 2128 1153 2159 et
1170 2121 1218 2159 ab
