1407 2308
222 93 299 135 DE
318 92 704 144 INVENTIONE,
725 93 821 132 L113.
838 92 897 132 ΙΙ.
918 92 1020 132 CAP.
1036 91 1100 129 30.
1157 91 1205 129 91

116 201 311 253 pertinere.
355 201 492 240 Postea
517 201 627 249 dicet,
659 213 727 240 suo
754 213 944 252 quemque
971 197 1091 237 officio
1119 208 1208 235 con-

117 255 238 293 sulere
254 262 446 305 oportere3
475 267 556 302 nec,
585 255 616 292 si
633 254 697 292 ille
714 254 911 304 peccasset,
930 253 1032 291 hunc
1055 257 1210 300 oportu-

117 308 188 345 isse
206 320 378 358 peccare:
407 307 554 355 deinde,
584 307 615 345 si
632 307 696 344 isse
713 307 923 358 deliquerit,
945 303 1142 356 separatim
1161 302 1208 339 il-

117 361 215 408 lum,
235 361 330 398 sicut
347 361 462 408 hunc,
478 361 641 399 accusari
659 368 838 411 oportere,
854 367 891 397 et
903 372 978 398 non
992 371 1079 396 cum
1093 355 1208 409 hujus

119 413 331 451 defensione
355 415 533 464 conjungi
562 414 663 450 illius
692 414 974 451 accusationem.
1020 409 1207 448 Defensor

118 473 245 504 autem
271 479 358 504 cum
383 475 526 514 caetera,
553 467 584 505 si
609 480 685 517 qua
709 480 755 504 ex
781 467 862 504 aliis
885 465 1049 503 incident
1074 461 1209 501 consti-

117 520 338 567 tutionibus,
366 521 610 571 pertractarit,
639 520 685 557 de
709 519 790 570 ipsa
808 519 1011 557 remotione
1029 517 1080 554 sic
1098 527 1211 564 argu-

117 573 357 611 mentabitur.
406 574 581 611 Primum
600 574 706 621 cujus
724 572 895 610 acciderit
913 571 1038 621 culpa,
1053 569 1208 607 demon-

116 627 271 664 strabit:
300 626 448 675 deinde,
476 639 564 664 cum
588 626 629 663 id
653 626 775 663 aliena
793 626 905 676 culp-51
929 623 1131 669 accidisset,
1151 633 1212 658 os-

114 679 242 716 tendet
259 692 298 717 se
316 687 383 717 aut
395 692 470 717 non
484 679 647 730 potuisse
665 686 731 716 aut
749 691 824 717 non
838 679 1007 716 debuisse
1021 676 1059 713 id
1073 675 1207 720 facere,

114 733 217 783 quod
235 739 424 770 accusator
441 733 539 770 dicat
557 733 786 783 oportuisse:
816 731 918 783 quod
936 743 1011 768 non
1030 728 1207 779 potuerit,

113 797 162 822 ex
194 785 365 823 utilitatis
393 786 562 836 partibus
593 786 649 828 (in
677 786 814 836 quibus
843 791 897 822 est
928 781 1209 821 necessitudinis

113 838 169 875 vis
185 838 409 889 implicata),
424 839 526 889 quod
543 851 619 876 non
638 838 822 885 debuerit,
839 851 885 875 ex
899 837 1105 882 honestate,
1121 847 1210 872 con-

111 891 344 929 siderabitur.
386 891 448 929 De
476 899 636 943 utroque
665 891 874 929 distinctius
901 890 941 927 in
966 888 1209 927 deliberativo

110 957 245 994 genere
263 944 417 982 dicetur.
447 944 596 983 Deinde
614 945 742 982 omnia
755 945 854 982 facta
872 956 949 981 esse
964 945 1011 980 ab
1026 954 1102 989 τεο,
1123 954 1210 992 quae

110 996 150 1034 in
167 997 285 1048 ipsius
307 997 448 1035 fuerint
464 1004 671 1048 potestate3
701 998 804 1048 quod
821 996 963 1044 minus,
985 1007 1102 1047 quam
1120 1006 1209 1031 con·

109 1051 264 1098 venerit,
305 1050 449 1088 factum
490 1052 551 1099 sit,
594 1051 706 1102 culpffa
745 1051 786 1088 id
826 1050 979 1088 alterius
1020 1047 1208 1086 accidisse.

108 1102 272 1150 Deinde,
299 1103 340 1141 in
366 1105 517 1142 alterius
542 1104 654 1155 culpa
684 1103 920 1155 exponenda,
949 1103 1210 1140 demonstran-

108 1155 203 1194 dum
221 1163 288 1204 est,
309 1165 495 1208 quantum
515 1158 718 1195 voluntatis
737 1165 773 1195 et
791 1157 905 1195 studii
919 1156 1032 1193 fuerit
1046 1155 1084 1192 in
1101 1155 1207 1204 ipso:

113 1215 150 1246 et
180 1209 221 1247 id
252 1210 367 1260 signis
399 1211 699 1249 confirmandum
731 1210 974 1259 hujusmodi3
1004 1222 1051 1246 ex
1078 1207 1210 1246 caetera

110 1261 322 1312 diligentia,
352 1276 399 1301 ex
425 1271 511 1302 ante
536 1264 642 1302 factis
667 1271 734 1302 aut
758 1264 890 1309 dictis;
919 1271 1032 1313 atque
1049 1262 1120 1299 hoc
1137 1261 1211 1311 ipsi

114 1315 206 1352 utile
222 1316 336 1354 fuisse
353 1316 486 1364 facere,
507 1317 640 1355 inutile
657 1324 784 1355 autem
802 1329 878 1354 non
897 1315 1041 1361 facere;
1071 1322 1107 1352 et
1120 1327 1210 1352 cum

115 1369 248 1406 caetera
272 1369 350 1407 vita
373 1371 495 1420 magis
522 1370 593 1408 hoc
621 1369 736 1408 fuisse
759 1376 1063 1417 consentaneum,
1092 1379 1210 1419 quam

112 1421 216 1472 quod
233 1429 384 1473 propter
401 1423 552 1461 alterius
570 1424 722 1474 culpam
740 1435 815 1460 non
834 1422 971 1460 fecerit.

166 1474 304 1512 XXX.
333 1476 375 1514 Si
393 1483 519 1513 autem
538 1489 614 1514 non
632 1477 673 1513 in
696 1476 891 1514 hominem
909 1482 1066 1523 certum,
1088 1473 1151 1512 sed
1169 1473 1210 1510 in

113 1540 195 1566 rem
214 1527 395 1579 aliquam,
421 1529 826 1577 causa-demovebitur,
850 1537 894 1567 ut
919 1528 959 1565 in
984 1528 1055 1565 hac
1079 1527 1211 1565 eadem

115 1594 169 1629 re,
189 1581 219 1618 si
238 1589 399 1632 quaestor
416 1590 588 1621 mortuus
607 1590 713 1630 esset,
743 1589 779 1620 et
796 1582 930 1620 idcirco
949 1581 1080 1631 legatis
1098 1594 1212 1631 pecu-

116 1634 180 1671 nia
197 1634 285 1671 data
301 1647 377 1673 non
396 1643 508 1681 esset3
529 1636 760 1674 accusatione
778 1635 942 1682 alterius,
959 1642 995 1672 et
1008 1635 1129 1684 culpae
1147 1634 1213 1672 de-

117 1687 289 1738 pulsione
314 1687 456 1736 demta,
485 1689 624 1727 caeteris
648 1689 818 1727 similiter
835 1689 892 1727 uti
908 1689 997 1725 locis
1015 1688 1213 1739 oportebit,

116 1748 155 1778 et
179 1753 225 1778 ex
254 1742 495 1780 concessionis
522 1743 705 1793 partibus,
736 1756 822 1793 quae
847 1741 1082 1789 convenient,
1111 1754 1215 1779 assu-

115 1805 243 1840 mere3
263 1793 311 1831 de
328 1794 466 1846 quibus
483 1803 568 1846 post
585 1796 692 1834 nobis
710 1795 911 1834 dicendum
930 1794 1010 1832 erit.
1038 1794 1132 1832 Loci
1146 1807 1214 1832 au-

116 1853 195 1884 tem
208 1859 427 1886 communes
446 1848 560 1886 iidem
581 1849 750 1900 utrisque
768 1849 857 1896 fere,
878 1848 944 1899 qui
963 1847 1214 1899 superioribus

113 1900 342 1949 assumtivis,
361 1901 548 1939 incident:
577 1902 619 1939 hi
636 1908 764 1939 tamen
782 1900 998 1939 certissimi:
1028 1907 1218 1938 accusato-

116 1952 181 2001 ris,
205 1952 293 1991 facti
310 1953 542 2005 indignatio;
573 1955 788 2003 defensoris,
819 1967 907 1992 cum
932 1954 973 1991 in
1001 1954 1075 1991 alio
1104 1953 1218 2003 culpa

118 2005 180 2054 sit,
199 2005 239 2043 in
257 2006 338 2056 ipso
352 2019 428 2045 non
447 2008 507 2056 sit,
527 2008 709 2059 supplicio
727 2021 766 2046 se
783 2007 880 2045 affici
896 2020 972 2045 non
991 2013 1171 2057 oportere.

170 2059 296 2109 Ipsius
314 2066 441 2098 autem
466 2061 518 2099 rei
536 2062 580 2099 fit
597 2062 768 2109 remotio,
799 2074 885 2099 cum
904 2061 956 2107 id,
977 2059 1079 2110 quod
1106 2058 1219 2096 datur

116 2111 277 2160 crimini,
307 2120 420 2163 negat
445 2126 567 2166 neque
591 2115 639 2152 ad
658 2128 696 2152 se
714 2127 836 2165 neque
853 2114 901 2151 ad
919 2113 1083 2150 officium
1103 2123 1216 2148 suum

114 2178 201 2203 reus
219 2166 464 2215 pertinuisse;
483 2180 566 2215 nec,
582 2168 612 2205 si
631 2168 733 2218 quod
751 2167 790 2204 in
810 2180 853 2204 eo
867 2167 914 2205 sit
932 2165 1124 2213 delictum,
1145 2164 1218 2202 sibi
