1407 2308
303 66 380 109 DE
408 65 703 116 ORATORE,
733 67 831 106 L113.
856 68 888 106 1.
920 69 1023 108 CM».
1043 71 1108 109 36.
1188 70 1257 109 161

152 183 190 214 et
213 181 438 227 peranguste
461 174 605 214 refersit
631 175 670 212 in
696 175 863 213 oratione
889 175 972 223 sua,
1000 177 1131 215 dilatet
1150 181 1260 217 nob1s

151 236 266 280 atque
297 229 468 279 explicet.
523 228 624 278 Ego,
656 229 883 276 mehercule,
928 230 1052 280 inquit
1085 231 1255 277 Mucius,

149 292 261 320 antoe.
285 282 408 320 vestra
431 282 554 332 magis
572 282 643 320 hoc
661 282 774 319 caus&
801 283 988 329 volebam,
1014 297 1130 334 quam
1156 286 1254 323 11183.

150 336 289 387 Neque
313 335 415 373 enim
432 342 625 386 tantopere
643 335 741 372 hane
760 348 782 372 a
803 335 935 373 Crasso
961 337 1255 387 disputationem

139 389 419 437 desiderabam,
448 397 678 440 quantopere
704 390 785 437 ejus
807 389 847 426 in
867 389 986 427 causis
1005 391 1172 429 oratione
1190 392 1254 429 de-

145 443 284 481 lector:
314 454 416 480 nunc
441 455 541 489 vero,
563 442 708 487 Crasse,
729 442 816 479 mea
835 455 986 493 quoque
1005 443 1119 481 etiam
1139 446 1253 483 eausa

144 509 249 547 rogo,
277 503 335 543 ut,
364 496 545 546 quoniam
570 504 722 532 tantum
746 495 931 533 habemus
957 497 1036 543 otii,
1064 506 1253 547 quantum

142 549 290 599 jamdiu
309 549 417 587 nobis
435 561 511 587 non
527 549 695 598 contigit,
716 561 764 586 ne
783 549 946 599 graveris
961 550 1192 589 exaedificare
1212 552 1252 589 id

145 616 254 664 opus,
283 602 386 653 quod
403 602 608 640 instituisti.
649 602 830 639 Formam
856 603 957 640 enim
976 604 1091 641 totius
1111 605 1254 655 negotii

143 656 319 708 opinione
336 657 520 704 majorem
538 655 808 707 melioremque
833 655 966 702 video3
996 669 1113 708 quam
1141 658 1253 696 vehe-

143 717 290 748 menter
307 711 436 760 probo.

197 762 400 802 XXXVI.
428 762 648 809 Enimvero,
677 761 801 812 inquit
820 761 990 809 Crassus,
1011 763 1142 801 mirari
1161 765 1250 803 satis

143 830 219 856 non
245 829 356 867 queo,
383 816 498 854 etiam
524 823 561 853 te
585 816 678 876 11388,
706 816 886 863 Scaevola,
914 816 1134 865 desiderare,
1163 832 1250 869 quae

145 883 269 922 neque
287 882 356 920 ego
374 877 495 918 teneo,
516 869 574 906 uti
591 869 618 906 11
637 869 704 919 qui
722 869 880 914 docent3
910 881 1033 920 neque
1058 878 1147 908 sunt
1167 873 1249 920 ejus

142 923 302 975 generis,
330 930 387 971 ut,
416 923 447 960 si
465 922 607 973 optime
625 930 804 969 tenerem,
825 922 942 973 digna
960 930 1080 961 essent
1099 924 1171 961 1513
1190 938 1249 962 53-

140 977 284 1038 pientia
302 989 344 1014 ac
363 976 438 1014 tuis
456 975 620 1014 auribus.
659 975 727 1012 Α1’
729 976 769 1012 11’
788 983 855 1014 tu.
846 978 863 1003 ⁹
883 976 1008 1026 inquit
1025 977 1100 1014 ille.
1142 977 1183 1015 Si
1201 978 1249 1016 de

139 1031 221 1069 istis
247 1030 514 1069 communibus
539 1036 576 1066 et
601 1041 691 1080 perv
693 1029 811 1079 agatis
830 1029 896 1067 vix
914 1029 1003 1067 huic
1022 1030 1122 1067 aetati
1140 1031 1248 1068 audi-

139 1084 282 1123 endum
300 1090 426 1134 putas,
446 1083 608 1121 etiamne
624 1082 691 1119 illa
709 1082 897 1132 negligere
915 1095 1129 1133 possumus,
1159 1098 1247 1134 quae

139 1145 183 1176 tu
207 1137 345 1176 oratori
362 1135 619 1187 cognoscenda
636 1148 713 1174 esse
731 1135 874 1196 (11311511,
895 1136 941 1174 (18
960 1137 1104 1174 naturis
1122 1137 1247 1175 homi-

136 1204 247 1239 num,
263 1190 310 1228 de
327 1190 510 1237 moribus,
531 1189 578 1227 de
591 1189 822 1226 rationibus
812 1189 870 1235 115,
892 1190 1030 1240 quibus
1044 1190 1245 1228 hominum

136 1252 281 1283 mentes
305 1251 342 1282 et
359 1243 603 1281 incitarentur
621 1250 659 1280 et
676 1243 980 1292 reprimerentur,
1008 1243 1054 1280 de
1073 1243 1242 1290 historia,

136 1298 184 1336 (le
207 1297 446 1349 antiquitate,
467 1296 514 1334 de
538 1296 860 1333 administratione
886 1296 1116 1346 reipublicae,
1137 1297 1244 1334 deni-

136 1364 212 1402 que
242 1351 290 1389 de
321 1358 448 1388 nostro
479 1350 560 1400 ipso
587 1350 674 1398 jure
707 1348 838 1387 civili?
887 1349 1000 1386 Hanc
1036 1349 1138 1386 enim
1171 1363 1241 1400 ego

134 1417 290 1443 omnem
313 1403 505 1442 scientiam
530 1410 568 1440 et
591 1403 738 1452 copiam
756 1415 884 1439 rerum
898 1402 938 1439 in
955 1402 1022 1439 tua
1036 1402 1239 1452 prudentia

135 1458 300 1497 sciebam
330 1457 473 1494 inesse:
503 1455 544 1493 in
576 1455 730 1493 oratoris
762 1468 848 1493 vero
879 1455 1130 1494 instrumento
1159 1464 1239 1494 tam

135 1512 281 1550 lautam
300 1509 570 1561 supellectilem
590 1521 789 1559 nunquam
808 1509 987 1546 videram.

190 1565 303 1602 Potes
326 1563 457 1613 igitur,
482 1562 608 1613 inquit
627 1561 798 1609 Crassus,
819 1565 880 1604 (ut
898 1562 972 1600 alia
989 1562 1164 1600 omittam
1182 1563 1240 1600 in-

135 1616 388 1656 numerabilia
400 1623 438 1655 et
455 1616 654 1663 immensa,
674 1622 712 1653 et
725 1615 913 1666 adipsum
927 1623 1039 1653 tuum
1054 1617 1118 1664 jus
1132 1617 1240 1655 civile

133 1671 301 1718 veniam)
327 1677 489 1709 oratores
513 1676 648 1720 putare
672 1681 748 1718 805,
768 1681 863 1719 quos
880 1669 1022 1706 multas
1039 1669 1150 1707 horas
1175 1683 1240 1707 ex-

132 1724 328 1776 spectavit,
356 1736 445 1762 cum
471 1723 511 1760 in
538 1722 731 1773 Campum
755 1729 984 1773 properaret,
1005 1729 1041 1760 et
1059 1722 1183 1760 ridens
1202 1730 1239 1761 et

133 1777 372 1818 stomachans
397 1776 577 1823 Scaevola,
604 1788 693 1814 cum
719 1775 911 1827 Hypsaeus
936 1775 1108 1813 maxima
1135 1789 1237 1823 voce,

129 1831 307 1884 plurimis
333 1830 470 1878 verbis,
499 1842 522 1867 a
551 1828 612 1866 M.
633 1829 768 1867 Crasso
799 1836 958 1880 praetore
985 1829 1238 1877 contenderet,

131 1892 176 1924 ut
202 1885 250 1933 ei,
277 1896 393 1935 quem
417 1882 656 1931 defendebat,
684 1882 798 1920 causa
827 1882 957 1920 cadere
980 1882 1132 1926 liceret;
1163 1882 1236 1920 Cn.

130 1945 260 1977 autem
279 1936 476 1984 Octavius,
503 1936 620 1974 homo
637 1935 855 1984 consularis,
882 1947 959 1973 non
977 1935 1105 1972 minus
1121 1910 1238 1985 'longa

126 1991 296 2030 oratione
318 1996 517 2037 recusaret,
543 2002 592 2027 ne
617 1988 850 2027 adversarius
875 2001 987 2027 eausa
1004 1987 1238 2036 caderet,ac

129 2056 179 2084 ne
193 2045 239 2093 is,
258 2057 328 2096 pro
352 2056 430 2095 quo
453 2043 534 2094 ipse
557 2043 709 2089 diceret,
730 2042 831 2093 turpi
852 2042 979 2079 tutelae
1001 2040 1157 2089 judicio,
1177 2048 1235 2078 at-

128 2111 203 2149 que
220 2097 325 2136 omni
343 2097 529 2144 molestia,
556 2096 718 2134 stultitia
742 2095 955 2142 adversarii,
981 2094 1234 2131 liberaretur?

126 2151 213 2203 Ego
237 2163 324 2192 vero
349 2150 453 2199 istos,
480 2149 619 2201 inquit,
647 2148 806 2193 (1118111111
810 2148 823 2185 1
847 2147 949 2237 egini
969 2147 1064 2186 mihi
1083 2158 1233 2185 narrare

815 2212 838 2238 1‘
