1429 2344
168 91 247 130 394
267 89 343 128 DE
364 90 568 130 CLARIS
589 90 975 140 ORATORIBUS,
990 91 1093 130 CAP.
1109 92 1171 129 42.

168 198 209 235 in
231 197 364 236 iisdem
391 198 731 245 exercitationibus,
759 199 913 237 ineunte
945 205 1067 248 aetate,
1095 198 1266 244 fuimus3

169 258 206 290 et
223 258 353 302 postea
369 251 448 288 una
467 251 649 289 Rhodum
674 252 738 290 ine
765 252 879 290 etiam
897 252 1085 303 profectus
1103 259 1171 300 est,
1192 263 1269 302 quo

169 304 303 343 melior
331 311 425 342 esset
452 312 488 342 et
514 305 680 343 doctior:
711 312 761 353 et,
789 305 878 343 inde
903 313 948 343 ut
973 305 1095 353 rediit,
1122 305 1270 343 videtur

169 358 266 395 mihi
283 358 323 394 in
342 358 506 396 secunda
524 365 601 396 arte
619 359 764 409 primus
783 371 860 396 esse
881 359 1070 407 maluisse,
1095 371 1211 409 quam
1229 357 1270 394 in

169 411 295 462 prima
313 411 509 449 secundus.
561 412 694 463 Atque
710 411 813 449 haud
832 412 920 460 scio,
940 425 989 449 an
1007 425 1075 462 par
1092 411 1271 463 principi-

168 466 241 503 bus
260 478 337 502 esse
354 465 558 515 potuisset:
589 465 653 503 sed
671 465 824 503 fortasse
844 466 981 503 maluit
1007 465 1063 508 (id
1089 465 1191 516 quod
1216 471 1271 502 est

169 518 344 568 adeptus)
370 519 482 568 longe
509 519 695 566 omnium,
723 531 798 556 non
819 518 987 568 ejusdem
1006 518 1119 556 modo
1139 517 1271 564 aetatis,

172 571 238 608 sed
270 584 400 608 eorum
430 571 543 610 etiam
573 572 641 623 qui
669 572 839 619 fuissent,
870 572 910 609 in
938 572 1024 621 jure
1061 571 1160 610 civili
1196 583 1274 609 esse

173 637 358 675 pnnceps.

228 678 307 715 Hic
331 678 490 726 Brutus,
510 677 621 715 Ai'n'
640 684 681 715 tu
696 679 714 716 Ρ
741 678 876 729 inquit.
905 677 1085 717 Etiamne
1103 677 1154 726 Q.
1176 678 1274 716 Scae-

173 731 268 769 volae
282 731 455 769 Servium
469 739 640 770 nostrum
652 732 846 782 anteponis
862 734 879 770 ἶ)
899 732 961 770 Sic
972 732 1088 780 enim,
1100 731 1273 783 inquam,

174 784 310 831 Brute,
330 785 517 831 existimo,
531 785 626 834 juris
645 785 763 823 civilis
781 798 966 835 magnum
985 798 1098 823 usum
1117 793 1154 822 et
1173 784 1275 835 apud

174 838 396 885 Scaevolam,
428 846 465 876 et
492 838 594 889 apud
625 839 779 884 multos,
808 839 945 876 fuisse:
976 845 1109 886 artem,
1138 838 1177 875 in
1205 838 1277 876 hoc

173 903 276 929 uno:
307 891 410 941 quod
434 904 633 942 nunquam
660 892 837 929 effecisset
858 892 976 943 ipsius
991 892 1087 940 juris
1106 891 1273 937 scientia,

175 944 248 982 nisi
267 957 351 981 eam
369 952 547 995 praeterea
565 945 751 982 didicisset
775 951 908 993 artem,
929 958 1014 995 quae
1032 945 1177 982 doceret
1195 957 1275 981 rem

174 998 389 1035 universam
409 998 573 1035 tribuere
590 999 630 1035 in
655 1005 790 1048 partes,
810 999 989 1036 latentem
1008 998 1194 1048 explicare
1213 998 1278 1034 de-

174 1051 354 1097 finiendo,
374 1053 571 1089 obscuram
597 1052 798 1101 explanare
822 1051 1125 1102 interpretand03
1155 1051 1277 1088 ambi-

174 1117 252 1153 gua
279 1103 449 1154 primum
478 1104 615 1151 videre,
644 1105 778 1142 deinde
807 1104 1059 1155 distinguere3
1089 1112 1278 1155 postremo

175 1157 313 1195 habere
337 1158 523 1208 regulam,
544 1158 621 1208 qua
648 1171 735 1195 vera
761 1164 797 1195 et
823 1157 918 1195 falsa
941 1157 1211 1206 judicarentur,
1242 1165 1279 1195 et

176 1223 277 1260 quae,
297 1211 435 1260 quibus
452 1211 596 1261 positis,
617 1218 750 1257 essent,
772 1224 932 1261 quaeque
950 1223 1025 1247 non
1039 1218 1172 1259 essent,
1189 1223 1277 1249 con-

176 1263 381 1314 sequentia„
412 1264 489 1301 Hic
508 1264 609 1301 enim
628 1264 755 1301 attulit
771 1264 869 1301 hanc
888 1271 1007 1302 artem
1025 1263 1199 1301 omnium
1217 1277 1277 1301 ar-

176 1317 274 1354 tium
298 1316 523 1363 maximam,
544 1318 651 1367 quasi
669 1317 807 1364 lucem,
827 1317 876 1354 ad
895 1330 938 1355 ea
956 1331 1042 1368 quae
1060 1316 1212 1355 confuse
1231 1319 1278 1355 ab

177 1370 260 1408 aliis
274 1377 340 1407 aut
358 1370 691 1420 respondebantur,
712 1378 778 1408 aut
796 1372 1013 1420 agebantur.

231 1423 370 1461 XLII.
407 1423 654 1460 Dialecticam
685 1423 781 1460 mihi
812 1423 947 1461 videris
977 1424 1111 1471 dicere,
1141 1423 1278 1475 inquit.

178 1477 311 1525 Recte,
331 1476 503 1526 inquam,
524 1476 726 1526 intelligis:
757 1476 820 1514 sed
839 1477 1014 1525 adjunxit
1032 1477 1145 1515 etiam
1170 1484 1206 1514 et
1233 1477 1280 1514 li-

177 1538 345 1568 terarum
371 1529 577 1577 scientiam,
606 1536 643 1566 et
669 1529 849 1602 loquendi
869 1530 1108 1580 elegantiam,
1128 1544 1214 1581 quae
1233 1543 1280 1568 ex

180 1583 325 1633 scriptis
355 1583 448 1631 ejus,
480 1595 643 1633 quorum
672 1583 810 1621 similia
837 1584 944 1621 nulla
973 1590 1074 1629 sunt,
1103 1583 1282 1621 facillime

180 1636 341 1688 perspici
358 1642 490 1686 potest.
525 1636 702 1686 Cumque
719 1636 885 1674 discendi
899 1650 995 1674 caus·
989 1653 1010 1674 ι
1024 1637 1171 1675 duobus
1185 1636 1283 1688 peri-

181 1689 335 1727 tissimis
375 1701 527 1738 operam
563 1689 736 1735 dedisset,
785 1690 832 1727 L.
872 1690 1021 1728 Lucilio
1057 1691 1195 1737 Balbo,
1235 1689 1279 1727 C.

181 1741 358 1794 Aquillio
388 1742 528 1779 Gallo·
517 1770 528 1787 ,
561 1742 678 1789 Galli,
698 1743 862 1780 hominis
889 1743 989 1780 acuti
1016 1750 1052 1780 et
1077 1743 1280 1790 exercitati,

180 1802 372 1847 promtam
402 1801 439 1832 et
465 1801 635 1844 paratam
662 1795 701 1831 in
727 1796 872 1845 agendo
899 1803 936 1834 et
961 1796 1002 1833 in
1023 1796 1282 1846 respondendo

181 1849 409 1888 celeritatem
432 1848 636 1885 subtilitate
654 1848 924 1899 diligentiaque
949 1849 1160 1900 superavitx
1188 1849 1282 1886 Bal-

182 1903 235 1951 bi,
257 1902 356 1940 docti
374 1908 410 1939 et
427 1901 563 1938 eruditi
579 1901 757 1948 hominis,
777 1901 817 1938 in
836 1902 997 1953 utraque
1015 1915 1054 1939 re
1073 1901 1282 1940 considera-

179 1963 260 1994 tam
277 1954 491 1993 tarditatem
509 1953 611 2001 vicit,
631 1954 871 2005 expediendis
890 1955 1201 2006 conficiendisque
1225 1968 1282 1993 re-

179 2011 275 2048 bus:
305 2008 357 2047 sic
382 2014 418 2045 et
441 2008 569 2055 habet,
590 2008 692 2058 quod
720 2014 878 2058 uterque
904 2021 1036 2046 eorum
1054 2009 1214 2054 habuit3
1244 2015 1282 2046 et

178 2062 357 2113 explevit,
371 2061 474 2112 quod
486 2060 636 2112 utrique
650 2060 782 2099 defuit.
803 2061 953 2112 Itaque,
965 2068 1010 2099 ut
1019 2062 1175 2100 Crassus
1185 2061 1282 2100 mihi

179 2116 326 2154 videtur
344 2114 549 2165 sapientius
566 2114 707 2161 fecisse,
728 2127 844 2164 quam
864 2115 1053 2153 Scaevola:
1083 2115 1162 2158 (hic
1179 2115 1280 2153 enim

178 2182 307 2208 causas
318 2168 481 2207 studiose
499 2167 713 2219 recipiebat,
728 2167 767 2204 in
783 2167 921 2219 quibus
939 2181 962 2206 a
980 2168 1114 2207 Crasso
1128 2181 1279 2220 supera-
