1407 2324
186 59 263 99 DE
282 59 487 100 CLARIS
505 60 1005 108 ORATORIBUS‚CA1›.
1023 62 1086 99 43.
1105 61 1182 100 395

96 166 208 204 batur
223 180 236 212 3
263 167 328 205 ille
345 179 384 205 se
400 167 544 205 consuli
562 167 725 216 nolebat,
753 179 801 206 ne
829 167 906 218 qua
923 167 962 204 in
980 180 1020 205 re
1036 166 1189 205 inferior

96 227 204 266 esset,
237 233 353 270 quarn
382 220 563 266 Scaevola)
580 233 592 265 ;
639 220 691 258 516
726 221 877 258 Servius
907 220 1187 270 sapientissime.

97 272 199 309 Cum
217 273 319 310 enim
337 272 422 310 duae
440 273 564 310 civiles
583 279 679 310 artes
698 285 740 310 ac
758 272 920 311 forenses
933 273 1141 323 plurimum
1152 279 1190 310 et

98 324 220 362 laudis
246 325 426 362 haberent
450 332 487 362 et
513 325 666 374 gratiae;
695 324 862 375 perfecit,
890 333 933 362 ut
958 326 1074 363 altera
1095 338 1190 376 prae·

99 384 211 415 staret
221 378 409 425 omnibus,
423 390 469 415 ex
481 377 596 415 altera
610 385 759 414 tantum
773 385 989 424 assumeret,
1005 385 1192 428 quantum

99 438 206 477 esset,
227 438 263 468 et
293 429 342 468 ad
368 430 552 468 tuendum
577 431 639 478 jus
666 430 787 477 civile,
813 437 849 468 et
876 430 924 467 ad
950 430 1192 468 obtinendam

98 484 331 521 consularem
350 483 584 533 dignitatem,
605 483 703 520 satis.

152 536 258 573 Tum
286 537 443 583 Brutus,
465 536 526 573 Ita
550 549 713 586 prorsus,
734 536 872 586 inquit,
893 543 929 574 et
950 544 1059 574 antea
1082 542 1194 587 puta-

100 590 202 626 bam.
231 589 377 626 Audivi
395 589 495 626 enim
504 601 634 648 nuper
653 602 741 627 eum
760 589 923 627 studiose
935 596 971 627 et
981 589 1195 640 frequenter

102 642 221 688 Sarni,
253 654 338 679 curn
366 655 413 679 ex
440 654 483 679 eo
498 642 560 689 jus
584 650 753 679 nostrum
779 642 1027 692 pontificium,
1048 655 1125 692 qua
1150 655 1198 680 ex

101 702 207 745 parte
234 707 321 732 cum
343 695 428 743 jure
453 694 552 732 civili
577 695 818 742 conjunctum
844 703 948 742 esset,
976 695 1109 732 vellem
1136 707 1198 732 co-

103 760 302 797 gnoscere,
291 761 301 771 ·
336 756 373 785 et
404 759 505 784 nunc
533 760 663 784 meum
697 747 883 796 judicium
919 748 1041 785 multo
1076 748 1199 798 magis

103 801 283 838 confirmo
298 800 509 838 testimonio
528 807 564 837 et
579 800 720 849 judicio
739 808 829 838 tuo:
861 800 975 838 simul
992 800 1088 837 illud
1106 813 1200 851 gau-

103 853 187 900 deo,
208 853 310 904 quod
329 860 365 891 et
383 853 575 903 aequalitas
594 860 728 901 vestra,
745 861 781 891 et
795 866 900 903 pares
913 853 1101 891 honorum
1115 866 1200 914 gra-

103 905 190 954 dus,
217 914 253 944 et
277 906 415 943 artium
441 905 725 956 studiorumque
751 906 858 956 quasi
882 906 1044 943 finitima
1069 906 1200 944 vicini-

105 965 176 1006 tas,
203 966 352 996 tantum
377 960 480 996 abest
503 960 551 996 ab
577 959 841 996 obtrectatione
864 958 1094 1009 invidiaque,
1115 972 1202 1010 quae

107 1012 200 1049 solet
217 1012 376 1050 lacerare
401 1011 611 1062 plerosque,
638 1011 695 1048 uti
713 1024 756 1049 ea
773 1023 848 1049 non
867 1011 980 1048 modo
998 1024 1074 1049 non
1093 1013 1201 1050 exul-

106 1077 230 1102 cerare
257 1071 417 1102 vestram
441 1064 616 1114 gratiam,
637 1064 701 1101 sed
719 1064 831 1102 etiam
850 1064 1056 1111 conciliare,
1076 1065 1202 1102 videa-

107 1124 180 1155 tur.
209 1117 327 1164 Quali
345 1117 446 1154 enim
473 1125 511 1154 te
535 1129 623 1167 erga
647 1117 757 1154 illum
782 1117 977 1168 perspicio,
1000 1117 1067 1154 tali
1091 1118 1203 1155 illum

108 1170 147 1207 in
166 1177 202 1208 te
220 1170 409 1207 voluntate
424 1169 639 1220 judicioque
657 1170 824 1220 cognovi,
863 1170 998 1220 Itaque
1019 1170 1140 1219 doleo,
1167 1177 1205 1208 et

107 1223 210 1261 illius
239 1222 407 1270 consilio,
436 1229 472 1260 et
489 1222 556 1260 tua
575 1235 676 1269 voce,
696 1223 881 1273 populum
901 1223 1123 1260 Romanum
1142 1236 1204 1261 ca-

109 1288 189 1313 rere
213 1283 292 1313 tam
310 1275 376 1312 diu
393 1289 403 1312 ε
434 1275 535 1326 quod
560 1288 648 1313 cum
669 1289 736 1325 per
754 1288 792 1312 se
809 1275 1014 1312 dolendum
1032 1283 1100 1323 est,
1120 1283 1205 1313 tum

110 1329 232 1366 multo
246 1328 366 1378 magis
383 1328 644 1376 consideranti,
660 1328 708 1365 ad
722 1340 816 1378 quos
834 1328 917 1376 ista,
934 1340 1010 1366 non
1029 1328 1207 1366 translata

111 1381 200 1427 sint,
221 1381 284 1419 sed
302 1381 423 1418 nescio
437 1393 512 1431 quo
525 1388 634 1431 pacto
652 1380 877 1418 devenerint.

169 1434 247 1471 Hic
264 1434 430 1480 Atticus,
450 1433 647 1480 Dixeram,
667 1433 804 1484 inquit,
825 1447 848 1471 a
871 1433 1067 1484 principio,
1086 1433 1133 1471 de
1151 1447 1209 1472 re-

114 1487 267 1538 publica
281 1494 324 1523 ut
342 1487 559 1524 sileremus:
589 1487 715 1537 itaque
732 1486 936 1524 faciamus·
966 1499 1070 1533 nam,
1089 1487 1121 1524 si
1138 1486 1211 1525 isto

115 1539 229 1577 modo
258 1540 433 1577 volumus
463 1539 627 1589 singulas
659 1551 715 1576 res
742 1539 960 1587 desiderare,
989 1551 1065 1577 non
1096 1539 1212 1577 modo

116 1592 310 1643 querendi,
331 1592 395 1630 sed
412 1604 459 1629 ne
476 1591 631 1642 lugendi
649 1591 802 1642 quidem
820 1592 934 1630 finem
952 1592 1191 1642 reperiemus.

171 1644 332 1682 XLIII.
363 1645 571 1694 Pergamus
589 1657 690 1694 ergo,
717 1645 888 1695 inquam,
914 1644 962 1682 ad
989 1645 1147 1696 reliqua,
1176 1651 1213 1682 et

116 1698 332 1737 institutum
350 1697 520 1735 ordinem
537 1710 816 1748 persequamur.
847 1698 1008 1735 Paratus
1021 1698 1137 1748 igitur
1150 1711 1214 1736 ve-

117 1752 246 1789 niebat
259 1750 439 1795 Crassus;
470 1752 777 1800 exspectabatur;
797 1750 1029 1788 audiebatur.
1058 1751 1098 1787 A
1111 1750 1214 1800 prin-

117 1804 216 1854 cipio
228 1803 354 1841 statim
369 1803 488 1854 ((111οᾶ
500 1810 578 1841 erat
590 1803 693 1854 apud
707 1815 794 1841 eum
808 1816 953 1854 semper
966 1809 1213 1850 accuratum),

121 1856 394 1907 exspectatione
421 1856 559 1906 dignus
583 1856 804 1894 videbatur.
834 1869 910 1894 non
928 1856 1050 1893 multa
1064 1855 1217 1904 jactatio

121 1909 297 1960 corporis,
325 1921 402 1947 non
428 1909 620 1947 inclinatio
649 1910 775 1955 vocis3
804 1909 910 1947 nulla
938 1908 1215 1946 inambulatio·
1200 1935 1216 1954 ‚

123 1974 200 2000 non
218 1964 346 2000 crebra
363 1962 552 2023 supplosio
578 1961 705 2012 pedis·
696 1976 705 1985 ·
737 1962 948 2008 vehemens,
975 1967 1011 1998 et
1028 1960 1219 1998 interdum

124 2014 297 2061 irata‚et
319 2015 433 2066 plena
454 2015 548 2064 justi
568 2015 705 2053 doloris
729 2015 873 2060 oratio;
902 2014 1046 2061 multae,
1072 2020 1109 2051 et
1129 2025 1220 2051 cum

125 2068 320 2117 gravitate,
334 2067 502 2106 faoetiae·
532 2067 662 2119 quodq
662 2080 709 2105 ue
720 2067 869 2105 difficile
883 2074 950 2114 est,
962 2066 1063 2104 idem
1082 2072 1118 2103 et
1135 2078 1220 2116 per-

125 2127 278 2159 ornatus
296 2128 333 2159 et
349 2121 547 2172 perbrevis.
598 2120 692 2160 Jam
710 2120 749 2159 in
768 2119 1006 2159 altercando·
996 2131 1059 2159 mv
1061 2118 1137 2158 enit
1155 2129 1221 2171 pa.-
