1407 2308
255 57 331 96 DE
360 57 653 107 ORATORE,
684 59 780 97 Lm.
803 58 836 96 Ι.
867 59 1049 97 ΟΛΡ.25.
1128 58 1201 96 149

94 173 138 204 ut
156 165 182 203 ii
201 165 374 213 solerent,
400 165 467 215 qui
493 178 645 204 omnem
666 166 742 204 vim
761 166 908 204 dicendi
927 165 965 202 in
985 171 1064 202 arte
1082 176 1198 215 pone-

94 226 192 266 rent,
222 230 345 269 neque
368 231 518 256 rursum
539 232 622 256 eam
642 226 774 265 totam,
802 220 899 256 sicut
921 219 1091 269 plerique
1114 217 1199 267 phi-

96 271 243 322 losophi
268 272 445 318 facerent,
473 272 696 322 repudiaret.
744 272 817 310 Sed
843 271 1030 317 existimo,
1059 270 1198 321 inquit,

95 332 248 376 gratum
274 332 310 362 te
334 324 407 371 his,
435 324 581 371 Crasse,
606 325 810 371 facturum,
830 325 860 362 si
879 325 950 362 ista
967 324 1197 375 exposueris,

96 392 183 429 quae
208 385 319 428 putas
344 377 393 415 ad
418 378 619 416 dicendum
645 379 745 429 plus,
773 391 890 430 quam
916 378 1037 428 ipsam
1062 386 1197 425 artem,

96 444 203 482 posse
221 431 405 481 prodesse.

149 484 287 523 Dicam
314 484 503 535 equidem,
534 484 715 536 quoniam
745 485 915 529 institui3
945 490 1148 535 petamque
1177 497 1200 521 a

98 538 215 586 vobis,
235 538 374 588 inquit,
394 550 441 575 ne
459 538 528 576 has
545 551 648 576 meas
673 539 831 589 ineptias
850 538 1034 582 efferatis3
1064 549 1200 589 quam-

97 604 215 642 quam
233 591 454 629 moderabor
471 591 564 642 ipse,
580 604 641 638 ne,
657 599 700 628 ut
715 591 871 642 quidam
890 591 1066 641 magister
1086 598 1199 640 atque

96 644 246 691 artifex,
276 643 341 682 sed
359 644 467 694 quasi
484 657 583 682 unus
610 658 630 682 e
656 652 869 694 togatorum
895 657 1066 691 numero,
1087 651 1200 693 atque

97 711 145 735 ex
164 697 301 735 forensi
317 710 388 734 usu
403 697 517 735 homo
536 698 745 745 mediocris,
765 710 887 748 neque
905 697 1060 735 omnino
1079 696 1196 743 rudis,

99 750 239 797 videar,
259 762 335 788 non
354 750 433 801 ipse
446 750 590 801 aliquid
609 764 632 788 a
650 764 711 789 me
729 751 942 801 prouisisse,
963 750 1026 788 sed
1044 750 1200 787 fortuito

98 804 137 841 in
164 816 375 841 sermonem
394 811 558 841 vestrum
577 804 759 842 incidisse.
800 803 1006 854 Equidem,
1027 816 1115 840 cum
1133 816 1199 853 pe-

100 865 217 895 terem
242 856 520 906 magistratum,
542 857 707 895 solebam
726 857 765 894 in
784 857 996 907 prensando
1014 856 1202 894 dimittere

100 923 123 948 a
147 923 209 948 me
233 910 454 958 Scaevolam,
481 922 569 947 cum
589 911 622 948 ei
640 910 693 947 ita
711 910 886 957 dicerem,
913 922 976 947 me
1001 910 1097 947 vene
1123 922 1201 948 esse

100 963 296 1014 ineptum.
326 963 366 1000 id
385 969 463 1000 erat
480 971 605 1014 petere
628 963 828 1008 blandius3
858 963 962 1014 quod
985 962 1057 1000 nisi
1075 963 1202 1013 inepte

99 1016 217 1066 fieret,
236 1017 332 1054 bene
345 1028 422 1054 non
436 1025 560 1066 posset
578 1017 669 1055 fieri.
699 1017 817 1055 Hunc
836 1023 963 1055 autem
983 1028 1060 1054 esse
1078 1029 1201 1053 unum

99 1069 293 1107 hominem
308 1082 355 1107 ex
373 1069 564 1118 omnibus,
580 1083 656 1122 quo
674 1077 854 1120 praesente
873 1083 941 1120 ego
954 1070 1105 1119 ineptus
1124 1082 1202 1107 esse

99 1123 260 1160 minime
278 1123 440 1167 vellem3
470 1136 585 1174 quem
604 1123 760 1174 quidem
778 1136 880 1161 nune
905 1136 1077 1160 mearum
1096 1123 1201 1173 inep-

99 1176 239 1214 tiarum
253 1182 385 1214 testem
400 1183 436 1214 et
450 1184 694 1227 spectatorem
708 1176 858 1214 fortuna
872 1176 1074 1214 constituit.
1097 1176 1205 1214 Nam

99 1229 194 1281 quid
213 1237 269 1267 est
285 1228 462 1280 ineptius,
483 1243 600 1281 quam
618 1230 665 1268 de
684 1230 841 1268 dicendo
863 1230 1008 1275 dicere3
1038 1242 1127 1267 cum
1145 1230 1203 1280 ip.

100 1295 188 1321 sum
207 1283 330 1320 dicere
346 1294 546 1334 nunquam
565 1283 613 1320 sit
637 1296 713 1321 non
737 1284 925 1343 ineptum,
951 1283 1023 1320 nisi
1041 1295 1129 1320 cum
1148 1291 1204 1320 est

99 1335 382 1374 necessarium?
410 1336 532 1386 Perge
563 1349 663 1385 vero,
697 1336 843 1396 Crasse,
876 1336 1001 1386 inquit
1032 1335 1201 1374 Mucius.

102 1389 225 1428 Istam
244 1388 346 1426 enim
365 1389 532 1449 culpam,
552 1402 669 1439 quam
688 1389 837 1437 vereris,
857 1401 926 1438 ego
944 1390 1139 1448 praestabo.

154 1441 290 1479 XXV.
311 1441 373 1479 Sic
389 1441 519 1492 igitur,
539 1442 664 1493 inquit
682 1442 852 1489 Crassus,
873 1441 1005 1488 sentio,
1025 1451 1201 1480 naturam

101 1495 284 1555 primum,
312 1500 426 1545 atque
443 1495 655 1545 ingenium,
683 1495 732 1532 ad
751 1495 954 1532 dicendum
973 1495 1051 1532 vim
1070 1495 1200 1533 afferre

101 1547 334 1586 maximam·
365 1559 488 1598 neque
515 1561 600 1585 vero
625 1548 719 1596 istis,
746 1547 793 1585 de
818 1547 957 1598 quibus
981 1548 1096 1598 paulo
1115 1555 1202 1586 ante

101 1601 199 1639 dixit
222 1600 430 1647 Antonius,
458 1601 698 1652 scriptoribus
723 1600 826 1649 artis,
854 1601 1036 1639 rationem
1054 1601 1202 1640 dicendi

101 1661 139 1692 et
152 1653 267 1701 viam,
283 1653 348 1692 sed
362 1661 551 1701 naturam,
571 1654 744 1692 defuisse.
774 1654 878 1691 Nam
898 1660 934 1692 et
953 1654 1070 1691 animi
1089 1662 1203 1705 atque

101 1706 395 1757 ingeniiceleres
413 1707 570 1758 quidam
589 1714 715 1745 motus
741 1720 818 1745 esse
835 1707 987 1755 debent,
1008 1707 1075 1758 qui
1100 1715 1136 1745 et
1154 1708 1204 1745 ad

103 1760 394 1810 excogitandum
419 1760 533 1808 acuti,
554 1767 591 1798 et
608 1760 657 1798 ad
681 1760 947 1811 explicandum
972 1761 1203 1798 ornandum-

100 1826 176 1864 que
201 1813 276 1852 sint
298 1815 445 1861 uberes,
472 1820 509 1851 et
533 1813 582 1851 ad
608 1813 830 1852 memoriam
855 1813 955 1850 firmi
980 1820 1094 1864 atque
1119 1814 1204 1851 diu-

102 1866 217 1905 turni.
269 1865 324 1904 Et
352 1865 384 1904 si
412 1866 498 1916 quis
525 1873 595 1914 est,
636 1866 703 1917 qui
731 1867 812 1904 haec
840 1872 949 1916 putet
978 1874 1057 1904 arte
1086 1866 1202 1916 accipi

102 1931 223 1971 posse,
251 1918 371 1970 (quod
395 1918 535 1956 falsum
561 1926 641 1965 est;
669 1919 846 1970 praeclare
874 1918 976 1956 enim
1004 1932 1042 1957 se
1061 1932 1117 1956 res
1135 1920 1203 1957 ha-

103 1974 203 2021 beat,
231 1971 262 2010 si
290 1972 371 2010 haec
399 1971 549 2010 accendi
578 1979 645 2010 aut
673 1971 900 2010 commoveri
928 1979 1007 2009 arte
1035 1972 1177 2021 possint
1190 1987 1202 2010 ι

103 2025 216 2063 inseri
233 2024 402 2076 quidem,
423 2031 460 2062 et
473 2025 604 2063 donari
618 2027 665 2063 ab
683 2032 762 2063 arte
780 2037 856 2063 non
873 2031 1031 2075 possunt
1049 2024 1202 2070 omnia3

105 2084 194 2115 sunt
211 2078 312 2116 enim
330 2077 397 2116 illa
413 2077 514 2116 dona
532 2085 693 2125 naturae)
718 2077 812 2129 quid
830 2077 877 2115 de
894 2077 969 2115 illis
987 2077 1098 2125 dicet,
1118 2091 1205 2128 quae

105 2137 202 2173 certe
225 2143 313 2170 cum
335 2130 419 2183 ipso
443 2130 597 2172 homine
621 2137 826 2171 nascuntur
839 2130 1026 2220 ?3li11guae
1054 2130 1204 2180 solutio,

805 2194 831 2222 o
