1407 2308
292 95 368 135 DE
388 94 682 143 ORATORE,
713 96 811 135 Lm.
833 95 866 134 Ι.
882 96 883 99 ’
897 95 1000 135 car.
1021 96 1080 134 5.'
1160 97 1234 141 127

129 215 213 242 eam
241 202 464 251 doctrinam,
495 215 612 254 quam
631 215 698 241 suo
717 202 877 254 quisque
900 202 1025 241 studio
1043 209 1232 241 assecutus
1253 219 1257 221 >

129 263 236 305 esset,
255 257 522 307 adjungeretur
539 270 630 294 usus
654 256 842 307 frequens,
863 256 930 307 qui
948 256 1122 294 omnium
1149 268 1232 293 ma-

128 310 331 360 gistrorum
362 317 548 370 praecepta
579 317 780 360 superaret.
824 309 947 347 Erant
978 317 1106 347 autem
1142 309 1232 346 huic

129 362 253 401 studio
284 363 467 411 maxima,
501 376 587 414 quae
614 375 715 401 nunc
748 376 899 414 quoque
926 370 1028 410 sunt,
1063 362 1234 413 exposita

129 416 298 467 praemia,
319 416 378 454 vel
396 416 444 454 ad
461 417 636 467 gratiam,
657 417 716 453 vel
736 416 784 453 ad
803 429 904 466 opes,
926 417 985 454 vel
1002 391 1051 453 a’d
1069 415 1233 466 dignita-

128 476 219 507 tem.
259 469 419 519 Ingenia
443 483 530 507 vero
561 472 621 511 (ut
638 469 769 506 multis
787 471 897 507 rebus
915 481 1114 520 possumus
1130 468 1233 517 judi-

127 529 226 567 care)
246 530 459 560 nostrorum
485 522 685 560 hominum
704 523 872 559 multum
890 522 1029 560 caeteris
1050 520 1233 569 [homini-

128 576 221 626 bus]
242 575 414 613 omnium
420 575 604 636 gentium
625 576 887 626 praestiterunt.
918 575 1070 622 Quibus
1085 575 1130 612 de
1145 587 1234 612 cau

130 628 194 675 sis,
214 628 299 679 quis
323 641 399 667 non
414 630 500 677 jure
528 629 698 673 miretur,
726 641 773 666 ex
804 628 909 666 omni
937 627 1121 665 memoria
1146 634 1233 665 aeta-

130 688 229 728 tum,
249 689 478 732 temporum,
504 681 713 730 civitatum,
743 690 823 718 tam
842 681 1025 732 exiguum
1043 688 1251 719 oratorum·

130 746 334 772 numerum
352 734 542 772 inveniri?

184 787 260 826 Sed
283 787 465 825 nimirum
492 788 617 836 majus
636 793 690 825 est
707 787 778 825 hoc
805 787 1003 837 quiddam,
1030 799 1147 837 quam
1165 786 1233 825 ho-

130 840 252 878 mines
279 840 496 891 opinantur,
526 848 563 878 et
586 840 759 891 pluribus
789 853 835 878 ex
861 840 1003 877 artibus
1028 840 1236 891 studiisque

130 894 341 932 collectum,

185 947 237 985 V.
266 947 366 994 Quis
383 946 484 985 enim
503 946 621 995 aliud,
640 946 680 984 in
698 945 870 984 maxima
891 945 1115 984 discentium
1133 947 1236 984 mul-

131 1000 306 1048 titudine,
326 1001 478 1038 summa
487 1000 763 1060 'magistrorum
782 1000 902 1050 eopia,
922 1000 1238 1051 praestantissirms

132 1054 332 1092 hominum
356 1053 530 1104 ingeniis,
549 1053 698 1091 infinita
715 1066 913 1091 causarum
937 1053 1127 1100 varietate,
1155 1066 1236 1091 am-

131 1107 309 1159 piissimis
327 1107 549 1168 eloquentiae
577 1107 774 1157 propositis
803 1107 981 1157 praemiis,
1009 1119 1087 1144 esse
1115 1119 1202 1144 caus
1205 1121 1237 1144 ae

132 1167 255 1212 putet,
270 1160 343 1198 nisi
359 1160 413 1198 rei
431 1160 638 1211 quamdam
656 1159 912 1198 incredibilem
931 1160 1235 1210 magnitudinem

131 1227 177 1251 ac
200 1213 491 1252 difficultatem?
519 1213 591 1251 Est
620 1213 721 1251 enim
752 1221 788 1251 et
812 1213 966 1250 scientia
992 1213 1237 1264 comprehen-

132 1266 256 1305 denda
272 1279 400 1305 rerum
416 1267 682 1318 plurimarum,
711 1266 790 1304 sine
808 1267 886 1317 qua
910 1268 1111 1304 verborum
1130 1267 1237 1304 volu-

132 1320 258 1358 bilitas
275 1319 398 1358 inanis
422 1328 535 1371 atque
554 1320 743 1358 irridenda
762 1328 836 1365 est3
863 1319 994 1370 etipsa
1011 1320 1127 1357 oratio
1148 1332 1236 1357 con-

130 1373 343 1420 formanda,
362 1385 439 1411 non
458 1374 582 1412 solum
608 1373 800 1420 electione,
821 1373 885 1410 sed
909 1373 1022 1410 etiam
1048 1381 1238 1410 construc-

132 1426 234 1464 tione
258 1428 484 1472 verborum;
515 1433 552 1464 et
580 1439 710 1464 omnes
735 1426 948 1464 animorum
974 1433 1114 1473 motus,
1143 1439 1238 1477 quos

133 1479 333 1518 hominum
357 1479 484 1530 generi
506 1492 634 1517 rerum
662 1487 798 1517 natura
815 1479 960 1526 tribuit,
986 1479 1136 1529 penitus
1154 1492 1238 1530 per-

133 1533 309 1571 noscendi
322 1546 334 1578 ;
355 1532 458 1584 quod
470 1533 593 1571 omnis
607 1533 662 1571 vis
676 1532 845 1583 ratioque
859 1532 1020 1580 dicendi,
1036 1532 1076 1570 in
1091 1545 1237 1581 eorum,

135 1586 205 1637 qui
233 1585 407 1635 audiunt,
432 1586 624 1624 mentibus
642 1594 709 1624 aut
726 1585 898 1624 sedandis
926 1592 993 1623 aut
1017 1585 1237 1633 excitandis,

135 1639 390 1690 expromenda
419 1647 485 1677 est.
523 1639 693 1678 Accedat
718 1639 850 1678 eodem
867 1645 1013 1690 oportet
1030 1640 1134 1690 lepos
1153 1639 1238 1690 qui-

135 1692 226 1730 dam
252 1692 483 1743 facetiaeque,
511 1699 548 1731 et
577 1692 737 1731 eruditio
762 1692 880 1730 libero
898 1692 1027 1743 digna,
1054 1692 1238 1731 celeritas-

135 1759 212 1798 que
229 1753 266 1783 et
282 1746 443 1784 brevitas
461 1753 499 1784 et
521 1745 771 1797 respondendi
798 1753 834 1784 et
860 1745 1077 1791 lacessendi,
1110 1745 1239 1783 subtili

136 1806 330 1838 venustate
347 1807 460 1850 atque
472 1800 685 1838 urbanitate
703 1800 913 1848 conjuncta„
942 1798 1127 1837 Tenenda
1143 1812 1239 1849 prae-

135 1861 236 1892 terea
253 1860 308 1890 εισι
325 1852 448 1890 omnis
466 1853 682 1904 antiquitas,
709 1853 1046 1903 exemplorumque
1064 1852 1144 1896 vis;
1174 1864 1239 1889 ne-

134 1919 210 1958 que
234 1906 365 1956 legum
387 1913 455 1943 aut
478 1906 574 1955 juris
602 1906 720 1944 civilis
747 1906 900 1944 scientia
923 1905 1148 1956 negligenda
1173 1912 1240 1942 est.

138 1959 245 1997 Nam
263 1958 357 2010 quid
374 1972 443 2009 ego
467 1959 514 1997 de
543 1959 688 1998 actione
715 1959 799 2010 ipsa
829 1960 940 2010 plura
968 1959 1091 1996 dicam
1108 1960 1126 1996 Ζ)
1154 1970 1241 2008 quae

138 2019 245 2050 motu
264 2013 440 2063 corporis,
460 2025 545 2063 quae
558 2019 679 2062 gestu,
695 2026 781 2063 quae
795 2013 918 2060 vultu,
939 2025 1024 2062 quae
1038 2010 1138 2048 vocis
1152 2022 1240 2047 con-

140 2065 362 2103 formatione
376 2078 418 2104 ac
437 2066 626 2114 varietate,
642 2065 871 2104 moderanda
884 2073 958 2102 est:
980 2077 1066 2115 quae
1084 2063 1162 2101 sola
1175 2076 1241 2113 per

141 2130 182 2156 se
197 2118 279 2169 ipsa
301 2126 444 2169 quanta
462 2119 522 2167 sit,
553 2119 778 2157 histrionum
796 2119 887 2156 levis
905 2131 965 2155 ars
990 2125 1027 2155 et
1051 2129 1159 2154 scena
1177 2116 1241 2154 de-

141 2171 282 2219 clarat3
312 2171 350 2210 in
370 2173 447 2223 qua
472 2185 560 2212 cum
583 2185 714 2212 onmes
739 2172 779 2211 in
798 2171 872 2211 oris
897 2178 931 2209 ct
951 2170 1049 2210 vocis
1063 2178 1100 2208 et
1117 2172 1241 2208 motus
