1429 2344
205 91 283 130 214
339 90 416 132 DE
443 91 739 143 ORATORE,
770 93 868 133 Lm.
891 93 947 133 11.
978 93 1082 134 CAP.
1103 94 1168 133 21.

205 199 308 249 quod
327 199 489 238 alterum
508 200 714 239 divinitatis
731 199 827 240 mihi
845 202 1044 251 cujusdam
1063 200 1235 247 videtur3
1255 200 1313 238 al-

206 259 346 301 terum,
376 254 434 292 vel
459 266 535 292 non
558 254 679 292 facere
704 254 807 306 quod
831 267 908 294 non
932 256 1076 307 optime
1099 254 1231 306 possis,
1251 253 1312 292 vel

206 305 327 346 facere
356 307 460 358 quod
488 319 565 346 non
594 308 754 360 pessime
778 308 906 358 facias,
934 309 1208 354 humanitatis;
1238 314 1313 345 ter-

207 360 306 398 tium
338 373 425 399 vero
457 360 568 409 illud,
601 362 764 401 clamare
795 370 924 401 contra
955 375 1072 414 quam
1105 363 1247 410 deceat,
1276 366 1314 399 et

207 427 326 464 quam
343 414 476 464 possis,
495 414 661 454 hominis
681 422 736 454 est
755 419 815 459 (ut
833 424 890 465 tu,
911 416 1061 465 Catule,
1081 415 1128 455 de
1146 390 1314 467 quodam

206 467 457 506 declamatore
474 468 619 517 dixisti)
639 469 808 508 stultitiae
826 483 904 508 suae
922 469 1223 521 quamplurimos
1241 475 1316 507 tes-

207 528 262 559 tes
289 521 494 560 domestico
521 523 707 574 praeconio
739 523 959 574 colligentis.
1000 523 1062 561 De
1088 523 1160 562 hoc
1183 522 1315 574 igitur,

207 574 277 626 qui
295 575 365 612 erit
382 575 482 624 talis,
501 583 546 614 ut
570 576 823 615 cohortandus
841 577 1156 629 adjuvandusque
1180 576 1242 626 sit,
1261 576 1317 614 ita

208 629 426 680 loquamur,
456 637 499 668 ut
528 629 563 667 ei
593 630 788 669 tradamus
822 644 866 669 ea
897 631 1098 679 duntaxat,
1131 643 1218 682 quae
1248 641 1318 668 nos

209 695 301 720 usus
327 682 467 731 docuit,
494 690 552 731 ut,
578 684 687 723 nobis
712 684 886 733 ducibus,
911 684 1038 723 veniat
1056 697 1114 732 eo,
1141 696 1218 735 quo
1236 683 1318 721 sine

208 735 306 774 duce
321 735 395 787 ipsi
413 736 668 788 pervenimus,
695 738 877 790 quoniam
901 738 1060 777 meliora
1081 738 1215 776 docere
1238 748 1317 775 non

209 802 423 840 possumus.

263 843 384 882 XXI.
404 843 553 896 Atque,
569 851 613 882 ut
626 857 650 882 a
662 844 842 883 familiari
855 852 983 884 nostro
997 844 1170 884 exordiar
1182 857 1195 891 ς
1214 843 1319 882 hunc

210 909 294 948 ego,
323 897 474 947 Catule,
501 898 730 949 Sulpicium,
757 898 944 950 (primum
967 899 1009 936 in
1027 898 1141 937 caus'a
1157 897 1320 950 parvula.

210 950 533 989 adolescentulum
552 951 696 999 audivi)
716 964 819 1000 voce,
840 959 878 990 et
893 951 1032 1001 forma,
1057 959 1094 991 et
1110 958 1218 990 motu
1237 964 1319 990 cor-

210 1004 326 1056 poris,
347 1011 384 1042 et
400 1005 554 1057 reliquis
568 1007 680 1044 rebus
698 1012 831 1057 aptum
845 1005 895 1043 ad
911 1005 984 1044 hoc
1000 1018 1156 1054 munus,
1176 1005 1224 1043 de
1242 1017 1321 1056 quo

210 1058 433 1109 quaerimus,
462 1058 628 1096 oratione
652 1066 782 1097 autem
808 1058 917 1097 celeri
939 1066 976 1097 et
994 1058 1180 1098 concitata
1199 1058 1320 1110 (quod

210 1117 292 1150 erat
316 1111 491 1163 ingenii),
520 1118 557 1150 et
575 1112 696 1151 verbis
715 1112 1053 1161 effervescentibus,
1074 1119 1111 1151 et
1127 1113 1244 1164 paulo
1261 1111 1322 1150 ni-

212 1164 338 1203 mium
366 1165 666 1204 redundantibus
692 1166 812 1217 (quod
841 1173 920 1204 erat
949 1167 1100 1215 aetatis),
1126 1178 1204 1204 non
1234 1178 1321 1204 sum

212 1218 472 1270 adspernatus.
513 1219 615 1257 Volo
633 1219 736 1257 enim
754 1233 793 1257 se
812 1220 940 1258 efferat
958 1220 998 1257 in
1017 1220 1249 1258 adolescente
1266 1219 1323 1258 fe-

214 1273 412 1311 cunditas:
442 1285 533 1311 nam
557 1272 720 1322 facilius,
747 1273 844 1311 sicut
867 1274 907 1311 in
934 1273 1073 1312 vitibus
1099 1280 1322 1312 revocantur

215 1339 274 1375 ea,
302 1340 390 1378 quae
415 1339 495 1365 sese
521 1326 686 1365 nimium
713 1326 978 1377 profuderunt,
1009 1340 1140 1379 quam,
1170 1327 1203 1365 si
1226 1327 1323 1364 nihil

216 1380 316 1419 valet
343 1380 531 1429 materies,
562 1393 660 1419 nova
688 1387 878 1419 sarmenta
904 1381 1054 1419 cultura
1083 1380 1321 1427 excitantur;

216 1434 271 1472 ita
295 1435 380 1473 volo
399 1447 476 1472 esse
493 1434 533 1471 in
556 1435 802 1496 adolescente,
829 1433 931 1472 unde
949 1433 1095 1485 aliquid
1112 1441 1322 1485 amputem.

216 1488 311 1527 Non
336 1488 440 1527 enim
458 1495 580 1539 potest
603 1488 644 1526 in
670 1501 714 1526 eo
738 1501 870 1527 succus
888 1501 966 1526 esse
984 1488 1201 1536 diuturnus,
1221 1487 1325 1539 quod

217 1542 332 1580 nimis
351 1542 517 1580 celeriter
531 1550 586 1580 est
604 1541 863 1580 maturitatem
881 1548 1105 1580 assecutum.
1134 1541 1231 1578 Vidi
1247 1548 1323 1579 sta-

219 1595 291 1633 tim
309 1596 491 1644 indolem,
511 1608 635 1647 neque
653 1595 780 1633 dimisi
798 1603 974 1646 tempus;
998 1602 1035 1633 et
1049 1607 1136 1633 eum
1157 1607 1244 1632 sum
1262 1607 1324 1632 co-

219 1649 405 1698 hortatus,
425 1656 469 1687 ut
486 1649 613 1687 forum
640 1649 712 1688 sibi
737 1649 875 1687 ludum
899 1655 1050 1700 putaret
1075 1661 1153 1686 esse
1177 1647 1227 1686 ad
1248 1647 1325 1686 dis-

219 1703 409 1748 cendum,
398 1716 408 1726 ·
437 1702 664 1763 magistrum
688 1709 832 1750 autem,
859 1715 974 1753 quem
993 1702 1119 1750 vellet,
1145 1714 1166 1739 e
1183 1701 1323 1748 beret,
1312 1715 1323 1725 ·

220 1770 284 1795 me
309 1756 464 1808 quidem
494 1756 525 1793 si
549 1756 709 1804 audiret,
737 1756 784 1794 L.
806 1756 1011 1794 Crassum.
1042 1754 1146 1807 quod
1169 1754 1238 1793 iste
1267 1769 1327 1794 ar-

219 1810 352 1862 ripuit,
372 1816 410 1849 et
422 1809 476 1847 ita
494 1822 571 1848 sese
588 1809 780 1847 facturum
798 1809 1058 1854 confirmavit3
1079 1816 1193 1860 atque
1211 1809 1325 1846 etiam

220 1863 381 1912 addidit,
410 1863 540 1913 gratiae
566 1863 705 1901 scilicet
731 1876 857 1910 causa,
883 1875 946 1900 me
970 1875 1125 1914 quoque
1149 1861 1220 1900 sibi
1243 1875 1327 1900 ma-

220 1918 382 1969 gistrum
405 1917 592 1954 futurum.
639 1917 720 1955 Vix
745 1928 868 1954 annus
895 1916 1150 1955 intercesserat
1178 1917 1227 1953 ab
1255 1916 1328 1954 hoc

221 1983 393 2010 sermone
416 1969 679 2008 cohortationis
707 1983 815 2018 meae,
846 1982 935 2007 cum
963 1969 1034 2008 iste
1062 1968 1249 2008 accusavit
1278 1969 1325 2007 C.

218 2026 463 2072 Norbanum,
482 2023 704 2062 defendente
721 2036 795 2061 me.
836 2023 929 2061 Non
947 2030 1002 2062 est
1020 2023 1210 2072 credibile,
1230 2022 1325 2073 quid

220 2079 397 2117 interesse
420 2077 518 2116 mihi
536 2077 583 2115 sit
602 2077 726 2115 visum
750 2076 848 2115 inter
873 2089 961 2115 eum
980 2077 1048 2127 qui
1072 2083 1156 2115 tum
1176 2082 1268 2124 erat,
1288 2082 1326 2114 et

219 2132 288 2184 qui
305 2145 405 2170 anno
429 2138 517 2170 ante
540 2130 674 2169 fuerat.
715 2130 887 2169 Omnino
912 2129 952 2168 in
977 2129 1074 2169 illud
1092 2142 1212 2181 genus
1235 2140 1325 2168 eum

222 2186 346 2228 Crassi
377 2185 624 2237 magnificum
660 2191 774 2237 atque
809 2184 1034 2237 praeclarum
1069 2190 1206 2223 natura
1239 2183 1324 2234 ipsa
