1407 2334
222 77 298 118 DE
327 77 617 127 ORATORE,
647 78 744 117 Lm.
766 77 824 116 11.
853 77 956 116 CAP.
977 77 1040 122 77.
1102 75 1179 120 273

85 191 191 233 terae,
211 197 286 223 non
300 185 562 224 adversarium.
591 184 654 224 Ex
669 198 744 236 quo
758 185 870 223 etiam
884 183 979 222 illud
992 195 1179 234 assequor,

84 243 139 283 ut,
159 238 189 275 si
207 238 290 289 quis
308 238 403 275 mihi
419 239 630 286 maledicat,
649 238 835 289 petulans,
855 245 921 275 aut
944 237 1056 288 plane
1078 237 1180 274 insa-

83 301 168 337 nus,
188 303 265 328 oese
282 291 461 329 videatur.

137 341 185 380 In
212 343 301 394 ipsis
329 351 455 382 autem
484 344 713 394 argumentis
743 344 772 381 si
801 343 893 394 quid
920 342 1085 393 posueris
1115 347 1182 378 aut

82 403 207 445 aperte
233 396 384 444 falsum,
408 404 474 434 aut
501 398 547 444 ei,
571 397 673 448 quod
700 397 851 442 dixeris,
878 396 1090 433 dicturusve
1115 394 1178 440 sis,

82 449 323 495 contrarium,
352 457 418 487 aut
438 463 572 500 genere
593 450 673 500 ipso
695 457 880 487 remotum
907 450 954 485 ab
983 461 1053 485 usu
1078 446 1181 496 judi-

83 500 225 538 ciorum
244 514 286 539 ac
302 501 396 547 foro,
417 503 559 540 nihilne
578 505 738 541 noceas?
767 502 873 549 Quid
887 502 1034 538 multa?
1059 499 1181 538 omnis

83 565 172 590 cura
195 566 279 591 mea
303 555 427 592 solet
418 568 457 592 m
481 556 552 593 hoc
577 556 712 593 versari
735 568 892 606 semper,
918 554 1056 596 (dicam
1080 552 1181 590 enim

83 606 234 656 saepius)
254 607 285 644 si
302 607 455 658 possim,
476 615 519 645 ut
535 609 625 645 boni
650 608 794 659 aliquid
818 607 975 645 efficiam
998 606 1179 651 dicend03

84 659 141 695 sin
160 659 199 696 id
217 659 356 707 minus,
377 668 421 698 ut
439 668 534 698 certe
553 661 693 712 nequid
711 661 813 698 mali.

140 711 333 750 LXXVI.
364 713 499 764 Itaque
517 726 617 751 nunc
635 714 724 751 illuc
742 714 865 759 redeo,
886 712 1033 757 Catule,
1054 712 1093 749 in
1108 724 1184 761 quo

85 771 128 801 tu
156 776 218 802 me
247 766 360 816 paulo
388 775 474 803 ante
495 766 688 813 laudabas,
712 766 760 804 ad
782 766 950 804 ordinem
976 765 1185 802 collocatio-

86 829 248 868 nemque
266 831 390 856 rerum
409 831 451 856 ac
469 819 647 857 locorum.
689 819 810 867 Cujus
831 819 925 856 ratio
944 826 998 855 est
1016 818 1157 868 duplex
1172 831 1182 853 z

85 870 215 917 altera,
246 883 362 921 quam
390 871 497 909 affert
522 879 656 909 natura
682 884 906 916 causarum;
941 871 1069 916 altera,
1099 883 1185 920 quae

85 929 276 960 oratorum
291 924 433 972 judicio
452 931 488 961 et
505 924 704 974 prudentia
722 931 967 975 comparatur.
1002 923 1121 968 Nam,
1142 929 1186 959 ut

86 975 231 1026 aliquid
255 983 340 1014 ante
364 989 443 1014 rem
469 976 650 1025 dicamus,
676 977 824 1024 deinde,
851 984 895 1014 ut
918 989 998 1013 rem
1023 987 1188 1026 expona-

86 1040 186 1075 mus,
206 1037 289 1078 post
313 1036 357 1067 ut
381 1042 464 1067 eam
488 1032 689 1080 probemus
706 1030 840 1067 nostris
857 1028 1037 1079 praesidiis
1055 1027 1188 1065 confir-

85 1081 246 1128 mandis,
262 1082 451 1120 contrariis
464 1083 683 1129 refutandis,
700 1082 833 1120 deinde
848 1090 890 1118 ut
905 1081 1185 1127 concludamus,

86 1141 200 1184 atque
216 1135 269 1172 ita
286 1148 514 1185 peroremus,
537 1135 608 1174 hoc
632 1135 779 1174 dicendi
802 1147 920 1186 genus
944 1142 1080 1172 natura
1105 1134 1187 1184 ipsa

87 1187 303 1237 praescribit.

140 1239 197 1277 Ut
226 1253 311 1278 vero
340 1248 561 1289 statuamus,
590 1255 646 1289 ea,
676 1255 761 1294 quae
787 1241 985 1292 probandi,
1015 1239 1185 1285 docendi,

87 1293 333 1343 persuadendi
347 1308 458 1333 causa
471 1295 628 1333 dicenda
641 1302 742 1342 sunt,
756 1294 1076 1355 quemadmodum
1089 1305 1190 1330 com-

89 1357 298 1395 ponamus3
327 1347 366 1384 id
383 1355 437 1385 est
456 1348 515 1385 vel
532 1348 698 1385 maxime
716 1347 910 1397 proprium
928 1345 1082 1384 oratoris
1099 1358 1189 1395 pru-

89 1397 236 1435 dentiae.
276 1399 407 1437 Multa
429 1400 530 1438 enim
555 1408 752 1438 occurrunt
777 1406 1022 1449 argumenta:
1052 1398 1187 1444 multa,

90 1463 176 1500 quae
193 1451 233 1488 in
251 1451 407 1490 dicendo
425 1452 622 1503 profutura
640 1452 858 1490 videantur:
885 1452 948 1489 sed
962 1464 1091 1488 eorum
1106 1463 1191 1510 par-

91 1503 161 1540 tim
172 1503 225 1540 ita
234 1504 331 1541 levia
342 1512 442 1551 sunt,
455 1512 499 1542 ut
510 1505 780 1543 contemnenda
794 1505 887 1542 sint:
909 1504 1062 1554 partim,
1079 1504 1191 1541 etiam

92 1555 124 1592 si
153 1556 245 1606 quid
269 1557 408 1595 habent
433 1557 655 1606 adjumenti,
683 1565 770 1595 sunt
790 1569 1070 1617 nonnunquam
1094 1557 1192 1616 ejus-

90 1609 208 1655 modi,
236 1617 280 1646 ut
305 1611 394 1648 insit
418 1610 458 1647 in
487 1610 531 1648 iis
563 1610 706 1660 aliquid
734 1610 841 1655 vitii3
876 1622 998 1661 neque
1025 1609 1118 1646 tanti
1146 1609 1193 1646 sit

90 1660 201 1707 illud,
232 1663 333 1713 quod
357 1663 528 1714 prodesse
553 1663 734 1710 videatur,
760 1669 804 1699 ut
828 1675 915 1700 cum
940 1662 1066 1712 aliquo
1090 1662 1192 1698 malo

92 1715 351 1764 conjungatur.
392 1716 491 1762 Quae
512 1722 639 1752 autem
657 1723 745 1753 sunt
762 1715 869 1752 utilia
887 1722 1000 1765 atque
1018 1714 1139 1760 firma,
1161 1713 1191 1751 si

93 1777 137 1802 ea
154 1773 280 1804 tamen
300 1771 360 1810 (ut
377 1781 474 1819 saepe
491 1768 550 1815 fit)
570 1768 677 1806 valde
694 1768 816 1805 multa
834 1775 946 1812 sunt;
974 1780 1029 1814 ea,
1046 1781 1153 1826 quae
1147 1779 1193 1803 ex

93 1817 137 1855 iis
155 1827 221 1856 aut
233 1820 420 1858 levissima
435 1829 535 1867 sunt,
552 1828 618 1858 aut
632 1821 712 1858 aliis
727 1821 956 1871 gravioribus
971 1809 1192 1864 consimilia,

94 1872 232 1909 secerni
249 1873 407 1911 arbitror
424 1881 603 1924 oportere,
623 1881 735 1924 atque
755 1886 801 1910 ex
819 1874 983 1910 oratione
1001 1885 1124 1910 remox
1129 1872 1192 1908 eri.

94 1921 284 1974 Equidem
303 1938 390 1963 cum
408 1926 542 1976 colligo
560 1933 780 1976 argumenta
798 1937 1008 1972 causarum,
1024 1937 1099 1962 non
1115 1932 1193 1961 tam

94 1988 138 2013 ea
154 1988 351 2016 numerare
368 1979 480 2026 soleo,
500 1991 616 2030 quam
636 1979 854 2029 expendere.

145 2028 363 2069 LXXVII.
392 2031 445 2069 Et
462 2031 641 2082 quoniam
661 2031 778 2082 (quod
797 2043 893 2090 saepe
909 2031 988 2078 jam
1007 2029 1103 2075 dixi)
1123 2029 1190 2066 tri-

93 2081 164 2118 bus
175 2083 284 2121 rebus
297 2082 465 2135 [omnes]
476 2084 524 2122 ad
534 2091 698 2122 nostram
710 2085 929 2121 sententiam
941 2082 1193 2133 perducimus,

92 2139 158 2171 aut
174 2133 352 2185 docendo,
371 2143 437 2175 aut
454 2136 697 2185 conciliando,
720 2144 787 2175 aut
807 2135 1085 2188 permovend03
1116 2146 1194 2172 una
