1407 2324
186 81 263 122 DE
283 82 486 123 CLARIS
506 82 892 131 ORATORIBUS,
914 82 1096 123 cnam.
1124 84 1200 118 441

106 187 206 227 docti
229 189 269 227 in
297 190 423 229 forum
441 190 663 230 veniremus.
701 191 850 230 Eodem
868 198 1035 242 tempore
1054 188 1206 227 Moloni

107 241 281 281 dedimus
303 256 480 294 operam:
510 244 688 282 dictatore
715 245 815 282 enim
844 244 965 291 Sulla,
992 243 1138 293 legatus
1157 241 1206 278 ad

107 301 281 334 senatum
317 297 363 335 de
392 297 630 336 Rhodiorum
666 298 831 348 praemiis
859 304 1020 336 venerat.
1071 296 1208 345 Itaque

108 348 234 398 prima
252 362 363 388 causa
379 351 546 401 publica,
566 364 635 402 pro
656 352 743 389 Sex.
770 351 906 389 Roscio
925 350 1036 396 dicta,
1056 355 1206 386 tantum

110 403 445 442 commendationis
462 404 610 452 habuit,
630 411 674 441 ut
691 416 767 442 non
795 405 874 441 ulla
901 411 1008 450 esset,
1029 415 1113 453 quae
1131 413 1208 438 non

110 453 227 505 digna
244 463 368 495 nostro
379 457 582 508 patrocinio
595 457 792 494 videretur.
812 457 999 507 Deinceps
1010 455 1097 493 inde
1108 454 1210 492 mul-

110 513 174 555 tae,
194 521 301 559 quas,
325 522 401 547 non
430 510 556 548 minus
574 510 770 561 diligenter
799 511 1016 557 elaboratas,
1050 515 1087 546 et
1110 515 1210 545 tam-

113 573 231 611 quam
251 563 500 610 elucubratas,
521 563 777 602 efferebamus.

164 614 280 653 XCI.
306 616 436 663 Nunc,
449 616 628 667 quoniam
647 623 770 654 totum
784 629 861 663 me,
874 628 949 654 non
965 627 1071 653 naevo
1083 613 1212 665 aliquo

112 674 181 704 aut
197 668 422 719 crepundiis,
452 669 516 707 sed
543 682 694 720 corpore
718 670 836 716 omni,
857 669 992 707 videris
1023 667 1121 706 velle
1152 679 1214 705 co·

113 732 302 770 gnoscere,
340 722 564 773 complectar
590 723 773 760 nonnulla
791 722 919 771 etiam,
944 735 1030 773 quae
1060 720 1216 758 fortasse

113 773 310 812 videantur
328 775 454 812 minus
478 775 691 814 necessaria.
727 775 823 813 Erat
841 788 884 813 eo
903 783 1070 826 tempore
1087 774 1127 811 in
1146 785 1216 811 no-

115 826 173 864 bis
191 839 340 865 summa
367 828 553 879 gracilitas
583 836 619 866 et
647 827 844 866 infirmitas
873 829 1058 879 corpori53
1087 839 1216 877 proce-

115 891 203 916 rum
222 889 259 918 et
276 888 387 919 tenue
401 881 566 927 collum;
594 881 659 932 qui
674 881 825 919 habitus
843 889 880 919 et
898 895 982 932 quae
1000 881 1122 930 figura
1139 891 1217 916 non

116 934 248 982 procul
277 935 404 972 abesse
421 942 576 986 putatur
594 948 617 972 a
634 934 720 972 vitae
738 935 920 985 periculo,
940 934 972 971 si
993 933 1141 971 accedat
1158 933 1214 969 la-

115 986 197 1034 bor,
218 993 255 1024 et
278 987 440 1025 laterum
457 999 597 1038 magna
615 987 814 1026 contentio.
845 987 981 1038 quue
1000 986 1122 1037 magis
1144 985 1216 1023 hoc

116 1050 192 1086 θοε,
219 1040 357 1090 quibus
381 1053 483 1078 eram
513 1053 633 1087 carus,
665 1041 938 1088 commovebat,
966 1039 1068 1092 quod
1087 1039 1215 1077 omnia

115 1090 195 1129 sine
212 1093 440 1141 remissione,
474 1093 553 1131 sine
581 1094 770 1140 varietate,
790 1094 828 1132 vi
855 1106 1008 1131 summa
1040 1092 1153 1139 vocis,
1181 1099 1218 1129 et

115 1144 228 1182 totius
235 1146 401 1206 corporis
415 1147 663 1195 contentione,
679 1147 862 1185 dicebam.
882 1145 1031 1198 Itaque,
1045 1159 1132 1183 cum
1152 1157 1216 1182 me

114 1204 152 1235 et
169 1198 281 1237 amici
292 1207 329 1237 et
345 1199 480 1238 medici
494 1200 745 1246 hortarentur,
767 1206 810 1237 ut
827 1212 957 1238 causas
975 1211 1083 1249 agere
1102 1197 1218 1235 desis-

114 1257 256 1297 terem;
287 1253 444 1303 quodvis
467 1253 592 1304 potius
621 1253 831 1304 periculum
859 1252 955 1290 mihi
982 1251 1216 1298 adeundum,

114 1316 232 1354 quam
250 1317 273 1342 a
290 1307 436 1355 sperata
460 1306 607 1343 dicendi
632 1306 752 1356 gloria
769 1305 1051 1351 discedendum,
1071 1303 1217 1355 putavi.

114 1356 203 1403 Sed,
219 1370 306 1395 cum
319 1370 520 1405 censerem,
540 1359 757 1396 remissione
775 1366 812 1396 et
829 1358 1083 1396 moderatione
1101 1357 1215 1404 vocis,

115 1416 152 1447 et
170 1418 400 1449 commutato
417 1423 551 1462 genere
565 1412 724 1459 dicendi,
745 1424 807 1449 me
822 1418 858 1449 et
875 1411 1084 1462 periculum
1101 1409 1218 1447 vitare

114 1474 236 1513 posse,
251 1471 288 1501 et
306 1464 547 1515 temperatius
578 1464 724 1509 dicere;
754 1472 798 1502 ut
829 1463 1138 1502 consuetudinem
1158 1462 1216 1499 di-

114 1515 223 1553 cendi
240 1523 441 1566 mutarem,
462 1530 506 1555 ea
523 1530 634 1556 causa
651 1517 797 1555 mihim
811 1516 943 1555 Asiam
960 1515 1217 1567 proficiscendi

115 1567 203 1606 fuit.
241 1569 390 1621 ltaque,
418 1583 505 1609 cum
525 1583 643 1608 essem
666 1570 863 1608 biennium
882 1576 1048 1609 versatus
1066 1569 1105 1606 in
1124 1582 1215 1607 cau-

117 1621 181 1668 sis,
209 1629 246 1660 et
259 1623 341 1671 jam
358 1624 399 1661 in
417 1624 498 1662 foro
526 1624 755 1662 celebratum
782 1636 913 1662 meum
941 1635 1080 1660 nomen
1110 1630 1217 1671 esset,

119 1674 248 1713 Roma
265 1688 351 1713 sum
362 1677 567 1736 profectus.

173 1726 277 1766 Cum
289 1729 471 1768 venissem
479 1730 660 1777 Athenas,
674 1742 738 1768 sex
751 1741 898 1768 menses
909 1741 997 1767 cum
1008 1728 1216 1776 Antiocho,

117 1781 251 1819 veteris
268 1781 484 1821 Academiae
501 1783 732 1821 nobilissimo
743 1791 780 1820 et
792 1782 1082 1834 prudentissimo
1096 1782 1220 1832 philo-

119 1833 252 1885 sopho,
278 1835 359 1881 fui3
389 1836 632 1901 studiumque
659 1835 920 1886 philosophiae,
943 1847 1140 1884 nunquam
1160 1835 1219 1871 in-

119 1887 349 1936 termissum,
369 1902 392 1927 a
408 1889 608 1940 primaque
626 1889 872 1927 adolescentia
889 1888 1049 1933 cultum,
1066 1895 1102 1924 et
1121 1900 1223 1925 sem-

116 1951 185 1990 per
205 1947 373 1989 auctum,
395 1942 468 1980 hoc
494 1955 622 1980 rursus
649 1954 799 1980 summo
827 1947 976 1978 auctore
1000 1948 1037 1978 et
1054 1939 1217 1987 doctore,

119 1993 305 2031 renovavi.
344 1994 492 2033 Eodem
510 2002 638 2033 tamen
656 2003 823 2045 ternpore
842 1993 1000 2031 Athenis
1019 1993 1121 2043 apud
1139 1993 1220 2031 De-

118 2044 299 2084 mettium
316 2047 471 2098 Syrum,
491 2056 653 2086 veterem
681 2054 718 2084 et
749 2059 826 2084 non
847 2046 1050 2096 ignobilem
1071 2045 1220 2083 dicendi

121 2097 361 2148 magistrum,
392 2101 554 2140 studiose
581 2100 743 2138 exerceri
770 2100 950 2138 solebam.
992 2099 1085 2137 Post
1106 2112 1130 2136 a
1157 2111 1222 2136 me

117 2148 218 2190 Asia
233 2157 312 2192 tota
327 2162 525 2206 peragrata
541 2160 612 2202 est,
631 2165 720 2193 cum
743 2151 903 2192 summis
927 2151 1082 2203 quidem
1099 2158 1222 2191 orato-
