1429 2344
167 65 242 104 134
324 64 401 104 DE
431 65 727 115 ORATORE,
748 66 846 105 LIB.
870 66 904 105 Ι.
926 66 1031 106 ΟΑΡ.
1053 68 1113 106 ll.

164 173 287 212 multa
313 174 539 226 profitenda,
568 174 716 223 Crasse,
745 187 821 213 non
849 185 993 214 censeo.
1034 175 1134 214 Satis
1161 174 1200 213 id
1227 181 1282 213 est

163 239 365 278 magnum,
382 229 485 280 quod
499 235 604 280 potes
618 237 809 280 praestare,
825 236 870 267 ut
881 229 921 267 in
933 229 1086 279 judiciis
1097 242 1142 268 ea
1152 242 1279 277 causa,

163 294 449 334 quamcumque
461 289 503 320 tu
516 283 624 331 dicis,
640 283 775 322 melior
793 290 830 321 et
841 283 1073 335 probabilior
1089 296 1167 322 esse
1179 282 1283 321 vide-

163 342 275 380 atur3
305 346 349 373 ut
368 336 409 373 in
428 336 670 375 concionibus
690 344 727 376 et
745 337 938 376 sententiis
956 337 1123 376 dicendis
1135 337 1184 375 ad
1195 350 1281 388 per-

165 389 403 428 suadendum
423 397 490 428 tua
503 391 716 442 plurimum
735 392 858 429 valeat
875 391 1015 437 oratio;
1045 390 1223 442 denique,
1238 397 1282 428 ut

164 443 416 492 prudentibus
428 444 577 493 diserte,
592 445 716 484 stultis
731 445 846 483 etiam
861 458 960 493 vere,
975 445 1097 483 dicere
1108 444 1281 483 videaris.

166 496 254 534 Hoc
273 498 438 549 amplius
465 498 496 536 si
515 499 609 550 quid
630 499 783 550 poteris,
804 511 882 537 non
908 498 947 536 id
973 499 1069 536 mihi
1095 498 1283 537 videbitur

164 557 304 599 orator,
325 552 390 589 sed
414 551 586 601 Crassus,
608 553 678 591 sua
696 552 865 604 quadam
887 552 1055 604 propria,
1083 565 1159 591 non
1181 564 1284 591 com-

165 604 276 642 muni
295 614 489 643 oratorum
507 606 702 655 facultate,
722 620 843 658 posse.

221 657 298 696 XI.
328 659 436 697 Tum
450 660 528 709 ille,
546 661 638 698 Non
654 674 754 709 sum,
770 660 910 711 inquit,
926 660 1086 707 nescius,
1103 659 1285 707 Seaevola,

163 710 236 749 ista
260 712 359 750 inter
385 713 537 752 Graecos
570 714 644 753 dici
674 721 710 752 et
740 714 939 765 disceptari
973 715 1100 752 solere.
1134 713 1284 751 Audivi

165 765 269 803 enim
289 779 459 805 summos
476 768 664 815 homines,
685 781 775 806 cum
801 775 965 819 quaestor
983 781 1031 806 ex
1055 767 1287 806 Macedonia

169 820 357 858 venissem
375 821 564 870 Athenas,
579 822 735 860 florente
748 822 976 868 Academia,
990 829 1034 860 ut
1053 821 1287 872 temporibus

163 872 239 911 illis
253 873 458 923 ferebatur,
471 876 573 926 quod
588 889 672 914 eam
689 875 938 924 Charmadas,
955 882 992 913 et
1004 875 1280 923 Clitomachus,

165 934 203 964 et
221 927 423 966 AEschines
442 930 676 968 obtinebant.
705 930 801 968 Erat
814 929 928 967 etiam
944 929 1204 977 Metrodorus,
1218 929 1285 979 qui

166 993 256 1019 cum
281 982 355 1020 illis
382 983 461 1020 una
486 983 612 1034 ipsum
639 984 751 1021 illum
780 983 1039 1022 Charmadam
1065 983 1285 1034 diligentius

166 1035 351 1085 audierat,
371 1037 568 1075 hominem
587 1038 762 1075 omnium
779 1037 819 1075 in
839 1037 997 1076 dicendo
1017 1040 1078 1081 (ut
1095 1037 1285 1084 ferebant)

166 1089 395 1128 acerrimum
421 1098 458 1129 et
487 1091 798 1142 copiosissimum.
835 1091 1003 1141 Vigebat
1032 1091 1183 1129 auditor
1209 1091 1285 1128 Pa-

164 1143 269 1181 naetii
294 1144 397 1182 illius
423 1145 480 1182 tui
503 1145 784 1190 Mnesarchus;
815 1152 852 1182 et
869 1145 1104 1196 peripatetici
1124 1143 1288 1183 Critolai

167 1197 372 1237 Diodorus.
411 1198 534 1236 Multi
559 1207 664 1237 erant
688 1206 868 1250 praeterea
897 1199 1068 1250 praeclari
1093 1199 1134 1237 in
1159 1198 1276 1250 philo-

171 1251 306 1302 sophia
324 1260 361 1290 et
382 1253 541 1301 nobiles,
562 1266 585 1290 a
604 1253 744 1304 quibus
762 1253 940 1291 omnibus
960 1253 1039 1291 una
1063 1265 1172 1304 paene
1198 1265 1288 1290 voce

165 1306 297 1356 repelli
315 1313 501 1344 oratorem
520 1320 543 1344 a
556 1307 821 1357 gubernaculis
836 1306 1048 1354 civitatum,
1065 1306 1218 1345 excludi
1233 1308 1282 1344 ab

167 1359 275 1396 omni
289 1359 460 1398 doctrina
471 1374 675 1412 rerumque
688 1362 879 1410 majorum
895 1359 1064 1408 scientia,
1078 1373 1121 1398 ac
1134 1366 1286 1398 tantum

168 1412 209 1450 in
231 1413 376 1462 judicia
394 1421 430 1452 et
452 1415 730 1463 conciunculas,
751 1422 951 1466 tamquam
969 1414 1010 1452 in
1029 1413 1185 1466 aliquod
1209 1413 1285 1465 pis-

169 1467 330 1516 trinum,
346 1468 497 1506 detrudi
511 1476 547 1507 et
562 1468 755 1520 compingi
769 1469 957 1507 videbam.
987 1468 1063 1507 Sed
1078 1480 1148 1519 ego
1161 1480 1287 1519 neque

169 1520 245 1559 illis
270 1522 512 1571 assentiebar,
533 1535 657 1574 neque
674 1524 813 1561 harum
833 1522 1136 1574 disputationum
1153 1521 1287 1560 inven-

169 1574 243 1612 tori
261 1582 298 1612 et
322 1576 486 1628 principi
503 1577 617 1628 longe
635 1576 810 1615 omnium
827 1576 869 1614 in
887 1576 1047 1615 dicendo
1064 1575 1288 1627 gravissimo

169 1634 207 1665 et
232 1629 555 1680 eloquentissimo,
580 1631 747 1678 Platoni,
775 1631 884 1680 cujus
903 1638 989 1668 tum
1006 1629 1174 1668 Athenis
1198 1642 1287 1668 cum

169 1681 389 1721 Charmada
407 1684 626 1735 diligentius
640 1685 716 1736 legi
736 1684 920 1735 Gorgiam
935 1698 947 1731 ς
977 1683 1110 1736 quoin
1129 1683 1227 1721 libro
1245 1683 1286 1720 in

171 1735 243 1774 hoc
274 1737 444 1776 maxime
471 1738 686 1777 admirabar
717 1738 933 1788 Platonem,
967 1737 1072 1790 quod
1101 1736 1213 1785 mihi,
1246 1736 1287 1774 in

167 1790 381 1828 oratoribus
405 1791 618 1841 irridendis,
638 1792 719 1843 ipse
743 1805 822 1831 esse
840 1799 965 1830 orator
989 1802 1164 1830 summus
1183 1790 1287 1829 vide-

173 1844 297 1881 batur.
327 1844 448 1883 Verbi
466 1845 568 1883 enim
583 1845 832 1885 controversia
841 1846 923 1894 jam
935 1845 1001 1883 diu
1013 1851 1166 1897 torquet
1179 1844 1288 1882 Grae-

168 1898 274 1935 culos
285 1898 472 1946 homines,
485 1899 733 1939 contentionis
747 1899 958 1951 cupidiores
976 1911 1094 1950 quam
1109 1897 1287 1937 veritatis.

172 1951 279 1989 Nam
298 1951 330 1990 si
348 1952 434 2003 quis
452 1953 555 1992 hunc
573 1953 705 1992 statuit
723 1966 801 1992 esse
819 1960 1020 2001 oratorem,
1033 1952 1102 2005 qui
1114 1958 1287 1990 tantum-

171 2005 287 2043 modo
304 2005 345 2043 in
355 2007 442 2055 jure
456 2014 523 2046 aut
536 2007 577 2045 in
588 2007 741 2056 judiciis
751 2007 883 2059 possit,
899 2013 966 2045 aut
979 2005 1083 2057 apud
1095 2006 1285 2057 populum

169 2066 239 2096 aut
257 2060 297 2097 in
316 2067 463 2110 senatu,
490 2061 638 2112 copiose
661 2061 782 2113 loqui,
802 2069 931 2100 tamen
949 2060 1040 2099 huic
1063 2060 1138 2111 ipsi
1163 2060 1288 2097 multa

170 2112 314 2151 tribuat
343 2122 380 2152 et
408 2115 587 2154 concedat
612 2127 760 2154 necesse
789 2122 855 2154 est.
898 2115 1037 2166 Neque
1069 2114 1172 2152 enim
1206 2113 1287 2151 sine

171 2167 295 2208 multa
313 2169 601 2221 pertractatione
615 2169 791 2211 omnium
805 2181 933 2211 rerum
952 2168 1209 2222 publicarum,
1222 2180 1288 2206 ne-
