1407 2308
201 58 277 100 DE
297 57 682 111 INVENTIONE,
704 59 802 99 L113.
819 59 877 99 ΙΙ.
900 59 1003 100 ΟΑΡ.
1020 61 1084 99 44.
1116 60 1189 99 105

92 174 150 204 ter
163 166 211 204 ad
225 167 392 216 judicem
410 168 536 219 ipsum
555 168 782 206 revertendo.
812 167 902 215 Quo
915 167 955 205 in
974 168 1055 206 loco
1070 166 1189 216 judici

91 219 425 259 demonstrandum
443 228 510 269 est,
531 221 623 272 quid
645 223 792 270 juratus
811 222 870 269 sit,
891 221 983 272 quid
1003 221 1107 271 sequi
1125 220 1190 258 de-

93 274 202 310 beat:
232 273 378 312 duabus
392 274 438 312 de
453 275 572 312 causis
587 274 753 323 judicem
772 274 943 312 dubitare
961 281 1142 324 oportere,
1159 273 1190 311 si

92 333 159 363 aut
183 327 363 377 scriptum
389 327 436 365 sit
457 329 625 376 obscure,
646 334 712 364 aut
730 334 839 377 neget
857 327 1000 378 aliquid
1019 326 1191 364 adversa-

92 379 194 416 rius:
236 392 323 418 cum
355 387 391 417 et
424 381 603 431 scriptum
636 389 761 431 aperte
793 381 854 428 sit,
892 388 929 417 et
961 379 1191 417 adversarius

93 432 222 470 omnia
240 433 472 481 confiteatur,
493 441 576 470 tum
592 434 758 482 judicem
783 433 858 483 legi
876 446 1018 484 parere,
1038 445 1114 471 non
1132 432 1191 469 in-

93 486 287 535 terpretari
305 486 442 536 legem,
462 494 643 537 oportere.

146 538 300 576 XLIV.
323 540 408 577 Hoc
426 540 507 577 loco
522 540 754 588 confirmato,
776 547 858 577 tum
873 539 1014 577 diluere
1033 552 1088 587 ea,
1105 551 1192 589 quae

90 600 222 629 contra
240 591 312 629 dici
331 599 514 643 poterant,
535 593 730 643 oportebit.
777 592 919 630 Contra
943 600 1070 630 autem
1095 592 1193 629 dice-

93 651 169 692 tur,
199 646 230 683 si
255 652 321 682 aut
346 659 496 696 prorsus
515 646 619 683 aliud
643 646 798 684 sensisse
823 646 990 696 scriptor,
1018 653 1054 682 et
1079 645 1194 695 scrip-

93 697 182 735 sisse
196 698 313 743 aliud,
334 700 649 737 demonstrabitur
662 712 674 744 3
704 706 747 736 ut
760 699 800 735 in
815 698 883 735 illa
897 699 943 736 de
958 705 1192 746 testamento,

93 763 209 800 quam
235 751 444 800 posuimus,
471 752 734 800 controversia,
762 758 828 788 aut
853 764 964 788 causa
990 751 1196 788 assumtiva

93 803 285 851 inferetur,
314 806 559 854 quamobrem
586 805 722 855 scripto
746 816 822 841 non
846 804 1009 854 potuerit
1035 811 1100 841 aut
1118 816 1195 841 non

91 857 297 906 oportuerit
331 857 590 907 obtemperari.
635 858 676 895 Si
708 857 812 894 aliud
841 857 994 894 sensisse
1024 857 1193 907 scriptor,

91 909 197 946 aliud
222 909 420 960 scripsisse,
447 910 604 958 dicetur,
631 910 676 958 is,
705 910 771 960 qui
797 910 933 960 scripto
957 916 1097 957 utetur,
1123 909 1194 946 hoc

91 962 202 1009 dicet,
233 963 323 1000 Non
342 969 510 1013 oportere
535 963 581 1000 de
601 963 681 1011 ejus
700 963 892 1000 voluntate
906 975 973 1000 nos
992 974 1194 1013 argumen-

94 1015 177 1062 tari,
207 1015 287 1065 qui,
316 1028 364 1053 ne
382 1015 421 1052 id
439 1015 559 1053 facere
577 1028 784 1066 possemus,
808 1015 992 1053 indicium
1011 1016 1118 1053 nobis
1137 1028 1195 1053 re-

92 1068 245 1119 liquerit
259 1081 336 1106 suae
349 1068 575 1106 voluntatis:
605 1069 727 1106 multa
744 1068 984 1106 incommoda
1001 1068 1192 1119 consequi,

92 1121 124 1158 si
150 1121 378 1170 instituatur,
407 1128 451 1158 ut
477 1135 501 1159 a
528 1122 664 1172 scripto
691 1121 907 1159 recedatur:
937 1134 1027 1159 nam
1056 1128 1093 1159 et
1118 1133 1194 1170 eos,

93 1174 160 1225 qui
189 1175 333 1225 aliquid
362 1175 538 1221 scribant,
570 1187 646 1212 non
681 1175 972 1223 existimaturos,
1006 1174 1059 1222 id,
1092 1174 1196 1225 quod

92 1227 318 1278 scripserint,
358 1235 483 1266 ratum
515 1228 714 1272 futurum3
752 1234 788 1265 et
820 1240 880 1265 eos
913 1228 980 1278 qui
1009 1227 1193 1276 judicent,

93 1288 251 1329 certum,
281 1281 383 1331 quod
409 1288 626 1332 sequantur,
646 1281 743 1317 nihil
761 1280 968 1327 habituros,
989 1281 1020 1317 si
1038 1280 1153 1317 semel
1172 1293 1195 1318 a

94 1334 230 1384 scripto
244 1334 412 1372 recedere
426 1334 694 1372 consueverint.
716 1333 832 1380 Quod
847 1333 877 1370 si
891 1334 1064 1370 voluntas
1080 1333 1194 1383 scrip-

93 1387 182 1424 toris
198 1387 448 1425 conservanda
467 1387 528 1434 sit,
549 1400 600 1435 se,
616 1399 692 1424 non
711 1386 952 1434 adversarios,
968 1399 991 1423 a
1004 1386 1197 1423 voluntate

94 1441 175 1488 ejus
195 1447 313 1477 stare:
334 1452 425 1477 nam
443 1440 565 1477 multo
584 1440 737 1490 propius
756 1439 926 1476 accedere
944 1439 993 1476 ad
1011 1438 1196 1489 scriptoris

95 1493 329 1530 voluntatem
348 1505 436 1530 eum
456 1493 522 1544 qui
541 1505 587 1530 ex
606 1493 723 1543 ipsius
743 1505 826 1530 earn
844 1492 960 1529 literis
980 1492 1198 1542 interprete*

95 1552 171 1607 tur,
201 1559 317 1597 quam
346 1545 457 1583 illum
487 1546 553 1596 qui
583 1546 806 1583 sententiam
832 1545 1018 1595 scriptoris
1047 1557 1122 1582 non
1149 1557 1197 1582 ex

95 1599 212 1649 ipsius
237 1599 373 1650 scripto
392 1605 544 1650 spectet,
571 1598 673 1649 quod
691 1599 755 1636 ille
774 1611 850 1635 suae
869 1598 1070 1636 voluntatis
1089 1598 1198 1649 quasi

94 1652 301 1703 imaginem
334 1652 538 1703 reliquerit,
577 1651 641 1689 sed
677 1651 888 1689 domesticis
925 1651 1197 1702 suspicionibus

94 1712 356 1756 perscrutetur.
397 1705 463 1744 Sin
490 1717 641 1743 causam
666 1705 794 1742 afferet
818 1704 849 1741 is
874 1704 941 1755 qui
966 1717 989 1740 a
1015 1704 1198 1742 sententia

95 1759 220 1807 stabit,
248 1759 416 1809 primum
436 1758 505 1795 erit
523 1765 652 1795 contra
670 1757 886 1803 dicendum,
916 1756 1046 1804 Quam
1065 1759 1196 1795 absur-

95 1812 203 1860 dum,
232 1824 308 1849 non
337 1823 475 1861 negare
502 1818 630 1848 contra
654 1811 777 1861 legem
805 1810 946 1857 fecisse,
976 1810 1054 1858 sed,
1080 1823 1197 1860 quare

95 1865 236 1914 fecerit,
266 1877 417 1902 causam
443 1864 612 1914 aliquam
640 1863 830 1901 invenire:
860 1862 994 1900 deinde
1023 1875 1199 1900 conversa

96 1919 225 1956 onmia
249 1930 350 1955 esse·
381 1924 467 1954 ante
497 1917 623 1954 solitos
652 1928 728 1954 esse
753 1922 982 1953 accusatores
1008 1915 1199 1963 judicibus

97 1970 332 2022 persuadere,
362 1969 514 2007 affinem
547 1981 624 2007 esse
657 1969 816 2018 alicujus
847 1969 969 2018 culpae
1001 1981 1102 2015 eum,
1132 1968 1200 2018 qui

97 2030 357 2069 accusaretur3
387 2035 540 2061 causam
558 2021 738 2073 proferre,
767 2034 853 2073 quae
872 2033 959 2058 eum
978 2020 1027 2057 ad
1044 2032 1202 2071 peccan-

97 2077 191 2114 dum
209 2077 445 2127 impulisset3
475 2088 577 2113 nunc
601 2075 729 2126 ipsum
753 2087 862 2112 reum
887 2085 1038 2111 causam
1057 2072 1201 2120 afferre,

99 2142 215 2182 quare
228 2129 440 2181 deliquerit.
471 2127 622 2168 Deinde
640 2128 739 2166 hanc
751 2127 930 2166 inducere
948 2125 1193 2178 partitionem
