1407 2324
191 51 269 94 DE
296 50 592 104 ORATORE,
621 52 721 92 1118.
742 51 825 92 111.
853 52 958 92 CAP.
979 55 1042 92 61.
1090 56 1170 94 353

66 159 207 199 similes
242 161 381 200 habere
411 160 623 212 cupiamus.
669 159 801 209 Mitte,
831 162 997 209 obsecro,
1030 161 1171 213 inquit,

69 214 216 262 Crasse,
243 214 389 263 Julius,
416 227 627 253 sermonem
651 213 794 259 istum3
825 222 860 252 et
883 221 919 251 te
944 215 992 252 ad
1011 215 1174 253 Gracchi

69 267 238 306 fistulam
262 268 383 314 refer;
412 269 521 318 cujus
552 281 621 319 ego
650 268 822 306 nondum
849 268 962 319 plane
989 269 1173 306 rationem

69 319 251 371 intelligo.

123 374 238 412 LXI.
269 374 316 412 In
330 375 435 413 omni
454 388 556 422 voce,
573 375 698 427 inquit
717 374 887 422 Crassus,
908 382 962 412 est
981 375 1174 426 quoddam

70 427 256 475 medium,
276 428 340 466 sed
359 441 471 466 suum
490 429 627 480 cuique
646 429 738 467 voci.
779 428 883 465 Hinc
902 429 1089 478 gradatim
1109 429 1177 466 ad-

71 480 245 518 scendere
264 494 394 519 vocem
412 482 505 520 utile
525 489 561 520 et
580 495 692 520 suave
715 488 794 527 est3
817 485 922 524 (nam
942 495 964 518 a
991 482 1176 532 principio

71 534 246 582 clamare,
267 543 410 585 agreste
429 535 612 586 quiddam
631 543 686 572 est
700 542 730 582 ;)
751 542 787 572 et
809 535 910 572 idem
929 535 1026 571 illud
1045 535 1093 572 ad
1112 536 1177 572 fir-

71 587 253 624 mandam
281 595 335 626 est
363 601 492 626 vocem
520 589 691 626 salutare.
732 587 882 625 Deinde
911 595 965 625 est
984 587 1176 638 quoddam

72 641 319 679 contentionis
349 649 576 702 extremum,
609 641 728 692 (quod
760 649 886 678 tamen
918 640 1074 678 inferius
1107 648 1176 686 est,

73 707 191 744 quam
222 695 458 732 acutissimus
490 695 646 741 clamor)
681 707 756 746 quo
786 702 822 731 te
851 695 977 731 fistula
1004 669 1179 745 progredi

79 745 196 799 [non]
217 747 326 795 sinet,
347 756 384 786 et
402 756 527 786 tamen
548 748 624 786 ab
614 761 697 808 ipsa
723 748 957 786 contentione
979 748 1178 785 revocabit.

76 799 148 837 Est
167 800 259 838 item
278 809 406 839 contra
420 802 626 852 quiddam'
617 814 656 838 in
671 801 886 839 remissione
899 801 1178 851 gravissimum,

77 866 242 904 quoque,
274 861 471 905 tamquam
504 867 681 892 sonorum
710 854 902 904 gradibus,
933 854 1180 891 descenditur.

80 907 176 944 Haec
202 907 372 956 varietas,
393 915 430 945 et
455 908 516 945 hic
540 921 606 958 per
632 921 762 945 omnes
787 920 895 945 sonos
918 907 1016 944 vocis
1035 920 1179 954 cursus,

79 967 116 997 et
135 968 174 997 se
192 961 371 1008 tuebitur,
392 968 429 998 et
446 961 582 998 actioni
607 961 735 999 afferet
753 961 988 998 suavitatem.
1026 960 1100 998 Sed
1119 960 1182 997 fis-

80 1013 280 1051 tulatorem
306 1014 410 1052 domi
436 1014 680 1064 relinquetis;
710 1026 862 1052 sensum
887 1013 1002 1062 hujus
1028 1026 1181 1052 consue-

80 1066 221 1104 tudinis
240 1067 433 1105 vobiscum
451 1067 499 1104 ad
518 1067 644 1105 forum
663 1067 845 1105 deferetis.

133 1119 265 1168 Edidi,
286 1134 372 1171 quae
389 1121 510 1171 potui,
531 1133 607 1158 non
626 1128 669 1158 ut
687 1120 804 1168 volui,
825 1119 889 1158 sed
906 1128 950 1157 ut
961 1133 1023 1157 me
1037 1127 1184 1170 tempo-

82 1172 132 1209 ris
163 1174 346 1224 angustiae
375 1177 587 1224 co'e‘gerunt.
635 1174 781 1211 Scitum
814 1182 868 1211 est
897 1173 999 1211 enim
1032 1186 1182 1210 causam

81 1225 249 1264 conferre
266 1227 306 1263 in
321 1234 485 1278 tempus,
506 1240 593 1265 cum
613 1227 742 1265 afferre
760 1227 884 1278 plura,
902 1227 932 1264 si
951 1227 1092 1277 cupias,
1109 1239 1184 1264 non

82 1292 210 1330 queas.

137 1332 202 1370 Tu
229 1346 330 1381 vero,
359 1333 483 1384 inquit
508 1333 682 1381 Catulus,
703 1332 883 1383 collegisti
902 1332 1030 1370 omnia
1049 1334 1188 1383 (quan-

82 1391 167 1422 tum
196 1398 265 1436 ego
290 1398 444 1437 possum
472 1387 656 1435 judicare)
685 1386 738 1424 ita
764 1386 957 1433 divinitus,
987 1393 1030 1422 ut
1058 1398 1134 1423 non
1163 1399 1188 1423 a

85 1438 227 1476 Graecis
259 1439 442 1487 didicisse,
476 1440 541 1477 sed
572 1452 633 1477 eos
664 1439 764 1490 ipsos
795 1439 875 1477 haec
903 1439 1032 1477 docere
1063 1452 1184 1489 posse,

85 1491 244 1530 videare.
273 1492 344 1530 Me
362 1492 516 1543 quidem
535 1493 642 1530 istius
667 1493 846 1530 sermonis
871 1493 1091 1543 participem
1110 1492 1186 1530 fac-

85 1552 169 1582 tum
188 1558 266 1583 esse
283 1546 453 1596 gaudeo:
483 1559 526 1584 ac
545 1546 694 1593 vellem,
715 1553 756 1583 ut
776 1559 883 1584 meus
902 1558 1028 1596 gener,
1049 1545 1188 1583 sodalis

85 1607 188 1646 tuuS,
215 1599 455 1646 Hortensius,
482 1599 676 1644 affuisset3
705 1612 820 1650 quem
839 1599 993 1650 quidem
1013 1611 1081 1649 ego
1100 1611 1189 1636 oon-

86 1651 163 1689 fido
187 1652 363 1690 omnibus
389 1652 469 1690 istis
494 1652 684 1700 laudibus,
704 1665 798 1703 quas
824 1660 867 1689 tu
893 1652 1058 1690 oratione
1086 1665 1188 1690 com-

86 1705 222 1755 plexus
249 1718 302 1753 eS,
331 1706 574 1744 excellentem
601 1705 692 1743 fore.
730 1705 785 1743 Et
815 1705 984 1754 Crassus,
1020 1707 1047 1727 “
1064 1705 1188 1743 Fore'’

78 1757 180 1796 'dicis
196 1760 214 1796 ‚⁹
252 1758 402 1809 inquit:
433 1772 501 1810 ego
530 1772 618 1797 vero
648 1772 725 1797 esse
746 1759 828 1808 jam
852 1759 1006 1808 judico:
1037 1764 1073 1796 et
1105 1765 1188 1796 tum

84 1811 266 1860 judicavi,
287 1824 389 1860 cum,
409 1825 471 1850 me
489 1813 655 1860 consule,
680 1813 721 1850 in
740 1819 870 1850 senatu
890 1824 1042 1850 causam
1060 1810 1189 1849 defen-

88 1864 145 1902 dit
162 1864 319 1913 Africae,
339 1877 535 1917 nuperque
553 1866 666 1903 etiam
685 1866 820 1916 magis,
845 1878 932 1903 cum
958 1877 1026 1916 pro
1051 1864 1190 1915 Bithy-

87 1917 162 1955 niae
189 1931 276 1968 rege
304 1918 412 1956 dixit.
459 1919 721 1966 Quamobrem
751 1926 849 1957 recte
878 1918 995 1965 vides,
1026 1917 1187 1955 Catule.

89 1970 186 2008 nihil
204 1971 306 2009 enim
323 1971 386 2009 isti
410 1971 648 2020 adolescenti,
675 1985 798 2023 neque
817 1985 839 2010 a
857 1971 993 2009 natura
1018 1983 1142 2021 neque
1168 1984 1193 2008 a

90 2023 273 2072 doctrina,
287 2024 414 2063 deesse
432 2026 561 2063 sentio.
590 2025 680 2073 Quo
698 2026 820 2076 magis
835 2032 890 2062 est
907 2024 990 2072 tibi,
1008 2023 1134 2072 Cotta,
1154 2030 1192 2061 et

91 2076 174 2124 tibi,
194 2077 352 2129 Sulpici,
372 2078 607 2129 vigilandum
627 2092 670 2117 ac
686 2078 964 2116 laborandum.
994 2089 1069 2114 non
1089 2076 1191 2114 enim

88 2129 153 2168 ille
166 2130 362 2171 mediocris
379 2139 501 2171 orator
520 2139 649 2171 vestrae
668 2131 776 2183 quasi
790 2131 985 2170 succrescit
998 2130 1112 2180 aetati,
1127 2130 1192 2170 sed

752 2186 776 2221 2
799 2196 830 2222 11
850 2186 875 2221 3
