1429 2344
143 72 198 109 80
252 69 330 108 DE
350 69 738 120 INVENTIONE,
759 69 858 108 Lm.
875 69 933 109 ΙΙ.
954 68 1059 109 CAP.
1074 71 1139 108 20.

135 190 240 226 men,
268 178 409 217 caeteris
439 191 591 230 quoque
620 177 840 217 criminibus
869 176 1126 224 defendendis,
1155 181 1245 215 con-

137 232 312 281 jecturali
330 233 594 270 constitutione
612 232 895 269 translationem
913 231 1162 270 confirmabit.

191 286 286 323 XX.
314 286 553 336 Exemplum
572 293 701 323 autem
719 286 972 323 translationis
985 286 1026 322 in
1045 284 1158 322 causa
1175 296 1244 322 no-

136 339 194 377 bis
213 340 379 390 positum
399 340 446 377 sit
459 339 702 388 hujusmodi:
726 339 840 386 Cum,
862 339 910 376 ad
924 339 1003 377 vim
1017 337 1243 387 faciendam,

136 393 295 443 quidam
314 393 450 430 armati
469 393 669 440 venissent,
696 393 831 430 armati
856 400 986 430 contra
1002 399 1138 443 praesto
1162 391 1244 428 fue-

135 453 239 494 runt,
270 453 306 484 et
325 446 477 484 cuidam
497 447 614 497 equiti
633 447 810 484 Romano
832 446 990 497 quidam
1009 458 1056 483 ex
1075 444 1244 492 armatis,

135 499 333 547 resistenti,
355 500 480 550 gladio
499 513 659 537 manum
678 499 858 550 praecidit.
901 499 999 550 Agit
1016 498 1062 546 is,
1083 499 1145 536 cui
1162 511 1245 535 ma-

135 566 207 590 nus
238 553 393 604 praecisa
425 560 492 601 est,
525 553 778 614 injuriarum3
808 553 974 604 postulat
1005 552 1051 599 is,
1086 552 1245 603 quicum

136 607 276 657 aritur,
313 620 336 644 a
367 615 525 657 praetore
555 608 828 658 exceptionem,
868 608 896 628 ‘⁶
917 613 1023 644 extra
1055 617 1172 656 quam
1204 604 1246 642 in

137 674 245 698 reum
275 661 406 711 capitis
433 661 698 712 praejudicium
728 661 806 698 fiat.
810 661 834 679 ''
878 660 958 697 Hic
985 658 1030 708 is,
1061 659 1128 710 qui
1152 657 1244 708 agit,

131 714 321 762 judicium
339 728 482 765 purum
500 716 690 766 postulat·
721 715 800 763 1110,
830 714 989 765 quicum
1011 712 1150 763 agitur,
1180 725 1246 749 ex-

136 768 347 818 ceptionem
377 768 479 817 addi,
511 769 577 816 ait,
610 775 791 819 oportere.
832 767 1004 816 Quaestio
1032 773 1101 815 est,
1128 765 1246 803 Exci-

134 821 318 871 piendum
339 822 399 869 sit,
422 835 469 859 an
489 835 577 860 non.
621 822 751 870 Ratio,
779 822 872 859 Non
891 821 993 859 enim
1018 826 1178 871 oportet,
1204 819 1257 856 in.

135 876 410 925 recuperatorio
426 876 582 924 judicio,
604 877 685 925 ejus
703 875 894 922 maleficii,
920 874 968 912 de
986 886 1062 925 quo
1080 873 1178 910 inter
1196 872 1246 910 si-

133 929 252 966 carios
284 929 479 979 quaeritur,
513 929 778 980 praejudicium
809 929 901 966 fieri.
945 926 1159 965 Infirmatio
1186 939 1247 963 ra-

132 982 258 1030 tionis,
288 983 493 1031 Ejusmodi
520 990 608 1021 sunt
633 983 796 1032 injuriae,
823 982 868 1020 u't
892 981 939 1019 de
964 981 1024 1019 his
1041 980 1245 1031 indignum

134 1036 182 1073 sit
200 1048 276 1073 non
295 1037 419 1087 primo
438 1050 589 1088 quoque
614 1043 783 1087 tempore
804 1035 977 1095 judicari,
1035 1033 1064 1072 J
1066 1033 1244 1080 udlcatlo,

134 1089 355 1128 Atrocitas
345 1091 572 1139 mjuriarum
599 1090 735 1128 satisne
754 1103 875 1128 causae
902 1089 963 1136 sit,
990 1101 1121 1139 quare,
1149 1087 1244 1124 dum

134 1143 182 1180 de
208 1157 252 1181 ea
272 1143 475 1193 judicetur,
497 1144 544 1182 de
563 1144 692 1195 aliquo
716 1144 860 1193 majore
880 1117 1080 1189 mal'eficio,
1101 1141 1148 1178 de
1167 1153 1244 1192 quo

131 1197 322 1245 judicium
348 1205 609 1248 comparatum
628 1198 689 1247 sit,
709 1197 987 1248 praejudicetur.
1027 1195 1162 1246 Atque
1181 1207 1247 1232 ex-

135 1251 308 1301 emplum
327 1252 483 1302 quidem
508 1252 580 1290 hoc
598 1258 664 1289 est.
707 1251 757 1289 In
782 1250 888 1289 omni
913 1256 1041 1288 autem
1066 1248 1180 1287 causa
1198 1249 1246 1285 ab

133 1311 296 1354 utroque
322 1306 441 1356 quaeri
466 1306 664 1356 oportebit,
692 1319 715 1342 a
733 1318 823 1356 quo,
845 1311 882 1342 et
899 1317 967 1354 per
985 1316 1094 1354 quos,
1116 1309 1153 1340 et
1171 1314 1248 1354 quo

134 1358 263 1405 modo,
295 1365 331 1396 et
351 1372 437 1419 ’quo
465 1366 647 1410 tempore,
679 1365 745 1396 aut
773 1358 848 1409 agi,
879 1364 946 1395 aut
973 1356 1151 1406 judicari,
1181 1362 1249 1393 aut

135 1411 229 1462 quid
249 1412 363 1449 statui
382 1412 428 1450 de
448 1425 492 1450 00
511 1425 563 1460 10,
585 1413 793 1451 conveniat.
823 1411 873 1449 Id
887 1424 934 1449 ex
947 1410 1118 1462 partibus
1134 1409 1246 1458 juris,

135 1466 184 1502 de
211 1466 350 1515 quibus
375 1473 460 1516 post
478 1466 682 1504 dicendum
705 1473 773 1514 est,
794 1465 895 1503 sumi
913 1464 1112 1515 oportebit,
1134 1470 1171 1501 et
1189 1476 1249 1500 ra-

136 1519 321 1567 tiocinari,
349 1520 477 1570 quid
466 1533 507 1557 111
537 1520 724 1558 similibus
743 1520 856 1557 rebus
874 1518 956 1557 fieri
981 1517 1110 1565 soleat,
1137 1524 1174 1555 et
1193 1516 1249 1554 vi-

137 1573 239 1619 dere,
269 1580 400 1611 utrum
426 1574 573 1611 malitia
598 1574 703 1611 aliud
725 1580 874 1624 agatur,
903 1572 1008 1609 aliud
1033 1571 1248 1617 simuletur,

136 1639 186 1663 an
217 1627 391 1675 stultitia,
421 1640 469 1664 an
500 1627 786 1688 necessitudine,
816 1625 919 1677 quod
946 1625 1020 1664 0110
1045 1624 1160 1662 1110ᾶο
1187 1623 1250 1674 agi

135 1692 214 1716 non
234 1680 363 1730 possit,
393 1693 441 1717 an
465 1681 655 1719 occasione
673 1680 811 1741 agendi
835 1680 887 1718 sic
912 1679 960 1717 sit
975 1678 1164 1727 Judicium
1183 1684 1251 1714 aut

137 1733 234 1770 actio
257 1735 483 1779 constituta3
514 1747 562 1772 an
582 1742 692 1783 recte,
714 1735 794 1772 sine
811 1733 894 1771 11110
911 1746 952 1770 re
970 1731 1171 1781 ejusmodi,
1191 1743 1250 1768 res

139 1794 285 1837 agatur.
330 1788 456 1826 Locus
490 1795 618 1826 autem
649 1788 862 1826 communis
891 1793 1021 1824 contra
1049 1798 1152 1833 eum,
1182 1784 1250 1835 qui

139 1841 422 1880 translationem
448 1842 614 1889 inducet,
645 1843 793 1892 Fugere
811 1840 1001 1891 judicium
1019 1852 1063 1876 00
1081 1851 1247 1889 poenam,

138 1894 230 1945 quia
249 1907 369 1932 causae
384 1895 541 1933 diffidat.
570 1871 614 1934 A
631 1895 875 1933 translatione
893 1901 1036 1941 autem,
1058 1891 1249 1930 Omnium

136 1948 216 1986 fore
243 1949 580 1998 perturbationem,
609 1949 640 1987 si
668 1962 744 1987 non
774 1949 828 1986 ita
857 1961 914 1985 res
938 1953 1113 1998 agantur,
1145 1952 1182 1983 et
1209 1945 1250 1985 in

134 2002 325 2050 judicium
356 2002 522 2050 veniant,
555 2016 631 2054 quo
657 2011 767 2053 pacto
797 2007 992 2053 oporteat3
1021 1999 1094 2038 hoc
1121 2006 1190 2047 est,
1219 1999 1251 2036 si

138 2069 169 2092 a·
165 2063 204 2092 lt
233 2069 321 2093 cum
348 2069 391 2093 eo
417 2064 551 2106 agatur
581 2057 740 2108 quicum
765 2068 843 2094 non
872 2060 1055 2106 oporteat,
1083 2060 1150 2090 aut
1175 2052 1253 2091 0110

139 2121 263 2158 poena,
294 2110 368 2147 alio
396 2110 566 2159 crimine,
598 2110 673 2148 alio
702 2118 895 2159 tempore.
925 2115 1040 2159 atque
1065 2107 1164 2144 hanc
1189 2120 1248 2143 ra-

135 2169 163 2199 ti
167 2175 276 2202 onem
304 2164 352 2202 ad
377 2165 701 2215 perturbationem
717 2163 949 2214 judiciorum
968 2161 1143 2200 omnium
1163 2173 1249 2214 per-
