1407 2308
266 94 341 135 DE
361 94 652 144 ORATORE,
683 94 779 134 Lm.
797 94 853 134 II.
883 94 986 134 CAP.
1014 96 1077 134 53.
1144 98 1222 142 247

114 207 199 239 tum
218 201 356 240 afflicta
370 209 406 240 et
420 207 605 253 prostrata
624 202 741 240 virtus
759 202 925 240 maxime
938 202 1110 240 luctuosa
1129 203 1223 251 est}

115 261 167 302 et,
188 262 230 292 ut
248 255 314 292 illa
330 256 446 293 altera
463 268 549 306 pars
567 255 755 303 orationis,
776 268 875 306 quae,
894 255 1089 306 probitatis
1108 268 1210 295 com-

111 307 365 356 mendatione,
392 309 483 347 boni
507 307 577 346 viri
600 309 710 346 debet
728 309 888 358 speciem
906 309 1016 357 tueri,
1034 308 1129 347 lenis
1148 312 1209 352 (ut

111 372 210 410 saepe
227 361 312 410 jam
337 361 433 408 dixi)
458 368 571 412 atque
595 361 803 406 submissa3
833 362 884 400 510
902 361 995 408 haec,
1023 375 1109 412 quae
1127 375 1208 401 sus-

111 412 248 463 cipitur
274 416 322 452 ab
348 422 492 452 oratore
517 414 564 451 ad
594 415 879 452 commutandos
908 415 1066 461 animos,
1095 421 1211 466 atque

109 467 215 503 omni
239 467 384 505 ratione
413 467 626 516 flectendos,
659 467 803 505 intenta
831 481 874 505 ac
902 467 1101 505 vehemens
1131 481 1209 507 esse

108 518 231 557 debet.

158 572 277 610 LIII.
307 573 382 611 Sed
411 580 466 611 est
495 573 669 624 quaedam
698 573 737 610 in
764 573 822 611 his
841 574 988 611 duobus
1006 574 1205 624 generibus

104 626 286 675 (quorum
305 627 463 664 alterum
484 627 581 673 lene,
611 627 771 664 alterum
799 628 1011 673 vehemens,
1044 640 1120 665 esse
1139 641 1205 666 vo-

103 677 248 725 lumus)
268 679 427 717 difficilis
446 680 493 716 ad
507 680 816 729 distinguendum
835 680 1052 717 similitudo.
1082 681 1203 729 Nam,

104 744 151 768 ex
170 732 237 769 illa
241 733 419 792 lenitate,
450 733 527 784 qua
545 733 815 770 conciliamur·
806 733 850 770 1is
870 733 936 783 qui
961 733 1134 780 audiunt,
1155 735 1205 772 ad

102 784 200 822 hanc
215 785 292 823 vim
307 786 539 833 acerrimam,
561 799 638 836 qua
656 786 804 824 eosdem
829 786 1049 833 excitamus,
1069 787 1206 825 influat

102 845 247 888 oportet
265 839 423 889 aliquid,
444 846 480 876 et
499 852 545 876 ex
563 839 632 876 hac
651 839 688 875 vi
707 851 980 889 nonnunquam
999 839 1117 876 animi
1135 840 1205 877 ali-

101 891 195 940 quid
216 889 551 952 [inflammandum
566 893 638 942 est]
655 891 712 928 1111
725 892 889 929 lenitati:
911 904 1033 952 neque
1052 899 1106 936 est
1124 893 1205 931 ulla.

100 945 339 1004 temperatior
357 945 487 1005 oratio,
519 957 634 996 quam
653 944 733 992 illa,
759 945 798 981 in
818 958 895 995 qua
913 945 1090 995 asperitas
1115 958 1205 983 con-

97 996 272 1034 tentionis
290 998 443 1035 oratoris
461 998 578 1048 ipsius
596 997 831 1035 humanitate
849 998 1045 1043 conditum
1072 999 1204 1037 remis-

100 1049 154 1087 sio
179 1057 306 1088 autem
323 1050 486 1088 lenitatis
504 1050 671 1102 quadam
697 1052 877 1101 gravitate
903 1058 940 1089 et
966 1053 1203 1090 contentione

100 1103 284 1141 firmatur.
324 1103 374 1141 In
402 1111 564 1155 utroque
593 1110 721 1141 autem
739 1116 872 1154 genere
890 1104 1052 1152 dicendi,
1081 1112 1118 1142 et
1136 1105 1204 1143 illo

98 1155 139 1193 in
159 1169 234 1206 quo
249 1157 304 1195 vis
323 1163 436 1208 atque
455 1156 640 1195 contentio
662 1157 855 1207 quaeritur,
876 1164 913 1194 et
935 1157 1007 1195 hoc
1032 1157 1134 1208 quod
1152 1158 1203 1196 ad

99 1209 217 1246 vitam
245 1217 282 1247 et
312 1222 434 1248 mores
466 1210 782 1257 accommodatur,
816 1217 852 1247 et
882 1210 1066 1261 principia
1092 1211 1201 1249 tarda.

99 1260 246 1314 [sunt,]
267 1269 303 1300 et
318 1263 440 1300 exitus
453 1269 580 1300 tamen
599 1263 706 1314 spissi
720 1270 756 1300 et
770 1263 941 1314 producti
955 1276 1032 1300 esse
1050 1263 1201 1302 debent.

98 1315 206 1352 'Nam
224 1327 346 1367 neque
374 1316 615 1354 assiliendum
641 1316 767 1354 statim
796 1323 850 1353 est
878 1315 927 1352 ad
954 1315 1052 1353 illud
1080 1329 1200 1366 genus

98 1369 299 1414 orationis3
331 1371 435 1406 abest
463 1369 564 1406 enim
589 1375 712 1406 totum
742 1382 765 1406 a
793 1381 928 1413 causa3
961 1375 997 1405 et
1025 1369 1198 1408 homines

97 1421 202 1471 prius
216 1421 342 1472 ipsum
360 1422 469 1470 illud,
484 1422 586 1472 quod
603 1421 798 1472 proprium
817 1421 874 1459 sui
889 1421 1022 1470 judicii
1041 1429 1108 1470 est,
1129 1435 1197 1460 au-

98 1474 179 1511 dire
208 1473 442 1520 desiderant;
472 1488 554 1521 nee,
586 1488 673 1512 cum
691 1475 731 1511 in
751 1487 833 1512 eam
852 1475 1035 1512 rationem
1053 1475 1197 1524 ingres-

99 1540 161 1564 sus
180 1527 242 1575 sis,
270 1528 435 1565 celeriter
463 1527 728 1566 discedendum
749 1535 813 1565 est.
854 1527 946 1565 Non
965 1527 1080 1575 enim,
1101 1528 1198 1566 sicut

96 1588 378 1630 argumentum,
399 1581 512 1618 simul
530 1589 643 1632 atque
660 1580 825 1632 positum
844 1587 911 1627 est,
931 1580 1120 1630 arripitur,
1141 1582 1197 1618 al-

95 1640 293 1684 terumque
312 1641 348 1671 et
365 1634 518 1671 tertium
532 1634 709 1684 poscitur,
724 1634 778 1671 ita
794 1633 1099 1682 misericordiam,
1130 1641 1197 1672 aut

95 1686 291 1735 invidiam,
307 1694 373 1724 aut
390 1687 636 1734 iracundiam,
653 1687 766 1725 simul
780 1694 892 1738 atque
905 1686 1088 1734 intuleris,
1108 1700 1195 1737 pos..

94 1739 143 1777 sis
164 1752 407 1777 commovere.
445 1741 731 1790 Argumentum
761 1741 862 1778 enim
890 1739 984 1777 ratio
1007 1739 1090 1790 ipsa
1107 1741 1196 1778 con-

93 1792 233 1840 firmat,
254 1806 340 1844 quae
357 1793 471 1830 simul
489 1802 602 1854 atque
628 1793 761 1831 emissa
780 1801 847 1841 est,
879 1792 1117 1830 adhaerescit:
1146 1793 1194 1830 il-

92 1845 161 1882 lud
190 1853 317 1883 autem
346 1859 464 1896 genus
486 1847 661 1885 orationis
678 1859 754 1884 non
772 1846 1023 1907 cognitionem
1039 1845 1190 1894 ]”11(11015,

92 1898 158 1935 5οᾱ
175 1899 296 1949 magis
319 1900 651 1950 perturbationem,
677 1900 846 1950 requirit,
866 1911 982 1950 quam
1002 1899 1192 1948 consequi,

92 1950 165 1988 nisi
181 1931 305 1990 11111113,
323 1959 359 1990 et
382 1953 485 1990 varia
503 1960 540 2001 et
557 1953 706 2003 copiosa
723 1953 901 2000 oratione,
918 1958 955 1989 et
973 1951 1087 1988 simili
1105 1963 1194 1988 con-

92 2004 258 2042 tentione
276 2005 443 2052 actionis,
464 2019 574 2044 nemo
592 2012 724 2057 potest.
761 2006 905 2052 Quare,
937 2003 1004 2055 qui
1021 2011 1087 2040 aut
1110 2005 1195 2041 bre-

92 2055 187 2094 viter
211 2064 277 2095 aut
300 2059 482 2097 submisse
507 2059 650 2107 dicunt,
682 2059 811 2103 (100010
836 2057 1002 2107 judicem
1015 2063 1192 2117 possunt,

93 2121 327 2149 commovere
355 2124 431 2150 non
448 2120 630 2163 possunt3
658 2112 698 2150 in
723 2124 799 2164 quo
818 2117 906 2148 sunt
922 2109 1061 2148 omnia.
1098 2109 1193 2148 Jam

91 2160 190 2201 illud
208 2164 448 2217 perspicuum
475 2172 544 2216 est,
573 2165 746 2204 omnium
774 2176 901 2203 rerum
929 2163 969 2202 in
995 2162 1194 2203 contrarias
