1407 2308
217 74 295 114 DE
314 75 698 126 INVENTIONE,
721 75 1099 116 L112.11.CA1›.31.
1154 78 1209 116 93

113 180 272 220 fneritne
289 183 337 231 ei,
357 196 433 235 quo
451 183 498 222 de
516 184 653 234 agitur,
682 183 721 221 id
745 184 854 233 juris,
873 183 999 232 officii,
1018 183 1209 247 potestatis

112 234 349 285 attributum,
369 249 495 275 necne.
535 238 655 275 Locos
674 244 800 275 autem
820 249 1038 275 communes
1056 248 1102 273 ex
1126 236 1210 286 ipsa

110 299 163 334 re,
194 287 226 324 si
254 289 346 339 quid
372 289 639 341 indignationis
668 303 711 328 ac
739 290 1012 341 conquestionis
1040 288 1208 338 habebit,

111 339 210 377 sumi
227 342 423 391 oportebit.

163 392 324 432 XXXI.
353 394 549 435 Concessio
568 403 636 443 est,
666 410 734 448 per
744 408 867 457 ‘quam
887 408 962 434 non
980 395 1122 434 factum
1150 394 1212 445 ip-

112 458 196 484 sum
215 449 395 497 probatur
412 451 460 487 ab
478 462 565 495 reo;
587 449 664 496 sed,
684 458 728 487 ut
742 450 967 499 ignoscatur,
987 449 1026 486 id
1044 448 1207 499 petitur.

112 499 220 547 cujus
239 508 362 551 partes
380 509 468 539 sunt
485 502 584 549 duae,
610 503 784 553 purgatio
804 510 840 539 et
864 502 1082 552 deprecatio.
1113 501 1211 538 Pur-

113 552 214 602 gatio
238 559 305 601 est,
332 567 399 604 per
417 568 533 606 quam
552 557 645 604 ejus,
667 556 733 606 qui
751 562 956 602 accusatur,
976 566 1051 592 non
1069 554 1212 591 factum

112 605 253 654 ipsum,
284 608 348 644 sed
378 609 563 656 voluntas,
594 608 818 646 defenditur.
858 608 920 646 Ea
948 608 1062 645 habet
1090 615 1212 657 partes

115 665 201 706 tres,
221 658 527 709 imprudentiam,
548 674 689 709 casum,
710 661 1029 700 necessitudinem.
1059 659 1214 710 Impru-

116 710 244 749 dentia
261 722 328 761 est,
348 726 435 752 cum
455 716 564 752 scisse
583 714 753 765 aliquid'
743 727 788 762 1s,
812 714 879 765 qui
897 714 1079 763 arguitur,
1100 725 1214 763 nega-

119 770 204 802 tur:
225 772 269 802 ut
286 767 388 816 apud
407 767 589 818 quosdam
607 768 670 804 lex
695 775 785 814 erat,
807 768 870 804 Ne
895 768 979 817 quis
1004 766 1139 803 Dianae
1157 766 1214 804 vi-

118 817 242 855 tulum
261 818 483 858 immolaret.
512 820 552 857 N
556 827 652 857 autae
667 820 836 871 quidam,
853 832 940 857 cum
952 819 1105 856 adversa
1118 826 1216 856 tem-

118 878 259 920 pestate
283 872 323 909 in
352 873 428 910 alto
453 874 695 922 jactarentur,
727 880 922 919 voverunt,
953 872 984 910 si
1012 884 1055 909 eo
1085 879 1211 922 portu,

117 936 231 974 quem
249 925 535 976 conspiciebant,
554 925 664 976 potiti
681 932 814 973 essent,
835 925 869 963 ei
883 925 980 973 Deo,
1002 924 1068 975 qui
1085 925 1139 962 ibi
1158 938 1214 962 es-

118 983 186 1024 set,
215 989 254 1014 se
271 978 433 1015 vitulum
451 979 722 1016 immolaturos.
763 978 862 1016 Casu
882 985 960 1016 erat
983 978 1023 1014 in
1042 990 1085 1015 eo
1102 985 1214 1028 portu

117 1028 251 1067 fanum
276 1030 412 1068 Dianae
441 1033 536 1081 ejus,
566 1031 628 1069 cui
645 1031 808 1069 vitulum
825 1031 1014 1068 immolari
1032 1043 1106 1068 non
1125 1031 1213 1068 lice-

118 1083 194 1120 bat.
234 1083 498 1134 Imprudentes
515 1085 622 1135 legiS,
642 1097 730 1122 cum
755 1086 931 1133 exissent,
959 1084 1122 1121 vitulum
1139 1084 1212 1121 im-

117 1136 363 1174 molaverunt.
390 1137 640 1176 Accusantur.
670 1137 836 1175 Intentio
854 1144 921 1184 est,
941 1136 1121 1174 vitulum
1139 1137 1212 1174 im-

117 1188 285 1227 molastis
303 1190 337 1228 ei
348 1189 446 1240 Deo,
459 1190 520 1228 cui
533 1203 608 1228 non
622 1190 768 1228 licebat.
797 1189 981 1240 Depulsio
1000 1196 1055 1227 est
1071 1190 1111 1227 in
1125 1202 1214 1227 con-

116 1241 279 1280 cessione
296 1243 427 1293 posita.
457 1243 571 1282 Ratio
595 1251 663 1291 est,
684 1244 724 1281 N
727 1242 836 1281 escivi
854 1255 930 1280 non
949 1242 1069 1280 licere.
1099 1243 1213 1280 Infir-

116 1295 232 1333 matio
246 1303 314 1344 est,
334 1296 498 1345 Tamen,
518 1297 697 1347 quoniam
714 1296 832 1334 fecisti
850 1295 952 1347 quod
969 1307 1044 1333 non
1062 1295 1211 1344 licebat,

117 1359 165 1384 ex
184 1348 266 1398 lege
289 1349 471 1399 supplicio
489 1349 626 1399 dignus
644 1362 692 1387 es.
731 1349 923 1386 Judicatio
948 1355 1016 1396 est,
1048 1348 1148 1386 Cum
1174 1349 1213 1386 id

117 1399 258 1449 fecerit,
288 1402 390 1452 quod
414 1414 490 1439 non
508 1402 724 1452 oportuerit,
751 1409 788 1439 et
805 1401 844 1438 id
868 1413 944 1439 non
962 1408 1129 1451 oportere
1147 1413 1212 1439 ne-

117 1453 251 1501 scierit,
283 1455 376 1492 sitne
403 1454 585 1505 supplicio
603 1454 769 1504 djgnus?
799 1453 917 1492 Casus
936 1462 1061 1491 autem
1080 1454 1214 1492 infere-

116 1512 179 1543 tur
196 1507 235 1543 in
254 1507 539 1555 concessionem,
559 1520 645 1544 cum
665 1507 977 1545 demonstrabitur
995 1507 1122 1558 aliqua
1139 1507 1215 1544 for-

117 1565 221 1596 tunae
245 1560 300 1598 vis
319 1560 503 1598 voluntati
519 1560 714 1608 obstitisse,
734 1566 778 1597 ut
796 1560 835 1597 in
853 1560 946 1597 hac:
975 1559 1075 1597 Cum
1095 1560 1213 1598 Lace-

118 1611 312 1651 daemoniis
336 1613 398 1650 lex
428 1619 533 1661 esset,
562 1620 619 1661 ut,
649 1612 786 1650 hostias
812 1613 884 1650 nisi
915 1612 963 1650 ad
991 1613 1213 1651 sacrificium

119 1665 311 1726 quoddam
335 1666 521 1704 redemtor
549 1666 779 1716 praebuisset,
813 1666 968 1716 capitale
997 1673 1114 1712 esset3
1144 1666 1213 1704 ho-

118 1717 206 1755 stias
223 1718 269 1767 is,
289 1719 356 1770 qui
373 1719 590 1768 redemerat,
606 1731 693 1757 cum
712 1718 879 1756 sacrificii
892 1718 969 1756 dies
987 1718 1153 1766 instaret,
1173 1719 1212 1756 in

120 1772 252 1808 urbem
278 1785 325 1809 ex
351 1783 441 1822 agro
469 1772 578 1823 coepit
606 1784 725 1822 agere.
765 1771 871 1808 Tum
899 1771 1034 1819 subito,
1065 1772 1213 1832 magnis

117 1825 315 1862 commotis
351 1825 646 1875 tempestatibuS,
683 1824 821 1862 fluvius
856 1824 1032 1872 Eurotas,
1077 1825 1108 1862 is
1146 1825 1213 1875 qui

116 1884 267 1927 propter
281 1877 590 1915 Lacedaemonem
605 1877 701 1924 fluit,
717 1877 770 1914 ita
782 1889 943 1926 magnus
961 1884 997 1914 et
1014 1877 1213 1915 vehemens

117 1928 236 1967 factus
254 1937 322 1978 est,
343 1937 385 1967 ut
404 1942 446 1968 eo
465 1929 609 1967 traduci
622 1930 781 1967 victimae
799 1930 903 1967 nullo
921 1930 1032 1967 modo
1050 1937 1211 1980 possent.

117 1981 337 2043 Redemtor,
363 1996 439 2020 suae
457 1983 657 2020 voluntatis
675 1982 910 2020 ostendendae
928 1983 1052 2028 causa,
1074 1982 1212 2020 hostias

117 2035 307 2074 constituit
333 2047 463 2074 omnes
492 2035 532 2073 in
559 2035 680 2084 litore,
710 2043 767 2083 ut,
793 2035 859 2086 qui
877 2043 978 2073 trans
997 2035 1137 2071 flumen
1156 2047 1212 2072 es-

117 2095 212 2136 sent,
232 2088 355 2126 videre
371 2095 532 2139 possent.
572 2087 673 2126 Cum
698 2100 828 2125 omnes
855 2087 977 2125 studio
1002 2087 1082 2136 ejus
1109 2087 1212 2124 subi-

118 2145 196 2179 tam
225 2140 392 2180 fluminis
421 2140 723 2193 magnitudinem
750 2140 885 2180 scirent
911 2140 1023 2180 fuisse
1054 2139 1214 2191 impedi-
