1429 2344
207 81 256 126 76
302 80 378 121 DE
408 81 794 132 INVENTIONE,
824 83 921 122 Lm.
939 82 996 122 11.
1028 82 1132 123 Cu».
1146 83 1213 129 17.

203 189 336 241 Atque
367 191 438 229 hoc
469 191 517 229 sit
547 192 654 230 nobis
682 191 826 230 dictum
853 190 1102 231 communiter
1128 191 1176 229 de
1201 189 1307 228 omni

204 255 338 293 genere
356 245 525 282 locorum
543 246 817 283 communium.

256 296 374 335 XVI.
405 298 522 336 Nunc
552 311 797 349 exponemus,
827 299 867 336 in
897 298 1186 348 conjecturalem
1215 309 1305 335 con-

202 349 437 388 stitutionem
473 351 540 402 qui
575 352 648 390 loci
684 365 903 390 communes
936 352 1098 390 incidere
1131 352 1302 396 soleant3

203 404 477 454 suspicionibus
527 405 627 443 credi
673 413 856 456 oportere,
902 413 938 443 et
980 418 1056 443 non
1100 412 1270 456 oportere
1289 416 1304 449 3

201 458 418 496 rumoribus
450 458 550 496 credi
581 465 764 510 oportere,
797 466 834 497 et
863 471 938 497 non
965 465 1161 510 oportere;
1202 457 1307 496 testi-

201 512 273 547 bus
303 511 402 548 credi
435 518 617 562 oportere,
644 519 680 550 et
706 524 782 550 non
808 519 1001 563 oportere,
990 526 1000 535 ·
1036 511 1305 563 quaestionibus

200 563 301 601 credi
332 572 515 615 oportere,
546 571 583 602 et
609 578 686 604 non
713 574 909 616 oportere3
946 566 1064 603 vitam
1096 571 1306 603 anteactam

200 618 360 667 spectari
378 626 560 684 oportere,
581 626 618 657 et
635 631 712 657 non
726 626 921 670 oportere3
945 618 1114 668 ejusdem
1129 631 1219 666 esse,
1239 617 1308 669 qui

199 671 240 707 in
258 671 326 708 illa
343 684 383 709 re
404 672 580 722 peccarit,
608 680 645 710 et
668 673 740 711 hoc
766 685 918 734 quoque
941 671 1147 720 admisisse,
1174 679 1211 709 et
1228 683 1306 709 non

200 737 278 762 esse
298 725 491 773 ejusdem3
521 726 690 764 maxime
708 727 865 778 spectari
883 739 1034 764 causam
1062 731 1308 786 oportere,et

201 790 277 816 non
296 786 477 828 oportere.
517 779 651 831 Atque
675 780 716 818 hi
742 779 911 832 quidem,
932 786 969 817 et
987 779 1018 817 si
1037 779 1104 830 qui
1122 777 1308 828 ejusmodi

201 844 248 869 ex
267 832 418 892 proprio
437 840 660 883 argumento
684 846 904 871 communes
929 833 1002 871 loci
1027 838 1307 880 nascentur,1n

200 885 403 923 contrarias
421 893 544 936 partes
562 886 806 924 deducentur.
836 886 971 924 Certus
989 892 1117 923 autem
1134 886 1239 924 locus
1253 892 1310 923 est

200 938 436 988 accusatoris,
471 951 538 989 per
565 952 680 990 quem
711 947 824 990 auget
852 939 943 976 facti
973 938 1233 985 atrocitatem,
1271 945 1310 977 et

200 991 308 1040 alter,
335 1004 402 1042 per
427 1005 541 1043 quem
569 1000 682 1043 negat
706 994 896 1030 malorum
920 992 1088 1030 misereri
1108 998 1306 1042 oportere.

198 1045 416 1093 defensoris,
435 1058 502 1095 per
521 1058 635 1096 quem
654 1046 845 1084 calumnia
862 1052 1121 1084 accusatorum
1141 1058 1226 1083 cum
1247 1045 1307 1082 in-

201 1098 418 1148 dignatione
432 1099 660 1145 ostenditu13
681 1107 717 1137 et
730 1113 797 1150 per
811 1112 926 1151 quem
941 1112 1029 1138 cum
1043 1098 1309 1149 conquestione

201 1151 454 1191 misericordia
472 1160 654 1203 captatur.
685 1153 755 1201 Hi,
776 1160 812 1191 et
831 1153 954 1191 caeteri
971 1164 1101 1190 omnes
1118 1151 1191 1190 loci
1206 1164 1308 1190 com-

201 1218 351 1254 munes,
378 1218 425 1243 ex
449 1205 582 1243 iisdem
609 1207 803 1257 praeceptis
828 1214 1045 1254 sumuntur,
1072 1205 1211 1258 quibus
1237 1219 1308 1244 cae-

202 1266 292 1297 terae
309 1259 676 1308 argumentationes:
707 1260 772 1298 sed
796 1259 872 1297 fflae
896 1259 1062 1307 tenuius,
1089 1267 1126 1297 et
1145 1259 1305 1307 acutius,

200 1320 239 1350 et
264 1312 439 1351 subtilius
463 1320 695 1360 tractantur3
724 1313 766 1350 hi
791 1320 919 1351 autem
944 1313 1109 1364 gravius,
1135 1320 1172 1350 et
1197 1325 1306 1350 orna-

201 1366 290 1414 tius,
312 1374 348 1404 et
366 1378 455 1404 cum
473 1366 608 1415 verbis,
628 1374 713 1404 tum
738 1367 852 1405 etiam
878 1366 1069 1404 sententiis
1091 1366 1308 1403 excellenti-

201 1421 300 1457 bus:
340 1420 380 1457 in
412 1419 486 1457 illis
519 1419 620 1457 enim
652 1420 738 1458 finis
770 1427 838 1469 est,
867 1426 912 1457 ut
940 1420 994 1468 id,
1024 1419 1126 1471 quod
1153 1418 1305 1467 dicitur,

200 1486 333 1510 verum
365 1486 443 1511 esse
475 1473 672 1520 videatu13
712 1474 752 1511 in
779 1474 852 1522 his,
881 1473 1031 1511 tametsi
1056 1472 1128 1511 hoc
1153 1485 1306 1524 quoque

201 1526 319 1564 videri
337 1533 494 1577 oportet,
515 1534 642 1565 tamen
661 1528 747 1565 finis
769 1534 824 1565 est
849 1526 1073 1578 amplitudo.
1113 1526 1232 1564 Nunc
1257 1525 1306 1564 ad

200 1580 315 1617 aliam
334 1580 638 1618 constitutionem
655 1587 900 1618 transeamus.

251 1633 394 1671 XVII.
435 1633 537 1671 Cum
565 1644 619 1672 est
647 1635 811 1672 nominis
838 1633 1099 1681 controversia,
1130 1631 1221 1684 quia
1247 1631 1304 1671 vis

199 1687 372 1724 vocabuli
398 1686 609 1724 definienda
633 1688 755 1725 verbis
781 1694 849 1736 est,
875 1686 1091 1725 constitutio
1109 1685 1324 1732 definitiva,

199 1740 346 1778 dicitur.
386 1739 484 1788 Ejus
508 1740 653 1790 generis
679 1741 853 1791 exemplo
878 1739 986 1777 nobis
1010 1739 1132 1790 posita
1155 1739 1203 1777 sit
1220 1738 1302 1777 haec

197 1806 336 1832 causa:
372 1793 416 1831 C.
443 1793 670 1841 Flaminius,
695 1794 727 1830 is
752 1794 820 1844 qui
844 1793 974 1831 consul
1001 1805 1082 1830 rem
1105 1792 1300 1843 publicam

195 1847 296 1884 male
313 1847 426 1897 gessit
444 1846 543 1883 bello
563 1847 708 1884 Punico
727 1846 902 1895 secimdo,
923 1858 1011 1883 cum
1029 1845 1203 1883 tribunus
1220 1846 1302 1896 ple-

195 1901 252 1939 bis
272 1907 378 1948 esset,
398 1899 516 1936 invito
535 1907 679 1948 senatu,
696 1908 732 1937 et
749 1900 904 1937 omnino
922 1907 1050 1937 contra
1067 1898 1301 1936 voluntatem

193 1954 368 1991 omnium
401 1952 642 2003 optimatum,
675 1966 742 2004 per
777 1953 996 1991 seditionem
1033 1951 1081 1989 ad
1111 1952 1300 2002 populum

192 2007 316 2058 legem
334 2007 519 2057 agrariam
538 2006 691 2044 ferebat.
721 2007 839 2044 Hunc
852 2014 958 2057 pater
971 2018 1075 2052 suus,
1095 2005 1297 2043 concilium

193 2060 314 2122 plebis
331 2060 547 2105 habentem,
567 2059 614 2097 de
632 2061 774 2111 templo
792 2058 974 2097 deduxit.
1003 2058 1198 2096 arcessitur
1215 2071 1299 2096 ma-

187 2113 343 2163 jestatis.
373 2112 540 2152 Intentio
559 2120 626 2163 est,
649 2112 892 2164 Majestatem
910 2111 1095 2161 minuisti,
1112 2111 1214 2166 quod
1228 2111 1295 2152 tri-
