1407 2324
187 73 262 112 DE
282 75 486 115 CLARIS
507 75 891 121 ORATORIBUS,
909 75 1011 114 Cn.
1028 76 1091 113 38.
1111 78 1184 116 391

96 192 163 230 per
197 180 349 231 aggredi
373 181 421 218 ad
449 182 648 220 dicendum
676 181 896 219 videbatur:
935 181 998 219 sed
1026 181 1079 219 ita
1110 190 1188 219 erat

94 240 258 282 paratus,
286 241 329 271 ut
349 234 505 282 judices,
529 235 595 273 illo
618 235 775 280 dicente,
796 247 1066 284 nonnunquam
1086 234 1188 272 vide-

95 293 223 323 rentur
248 299 322 324 non
348 287 436 324 satis
464 288 583 337 parati
604 288 652 325 ad
677 287 882 324 cavendum
904 287 1027 324 fuisse.
1058 287 1186 325 Verba

92 337 186 387 ipsa,
207 351 281 376 non
300 340 366 376 illa
384 340 536 390 quidem
552 340 823 390 elegantissimo
837 352 1028 384 sennone;
1058 340 1184 390 itaque

92 390 290 441 diligenter
314 393 491 442 loquendi
518 393 628 430 laude
655 393 795 430 caruit:
826 405 946 442 neque
974 401 1099 430 tamen
1128 399 1183 430 est

90 443 297 482 admodum
315 446 509 505 inquinate
532 447 700 483 locutus.
692 460 700 468 ·
732 446 794 483 sed
820 445 898 491 illa,
926 458 1011 495 quae
1035 445 1183 495 proprie

91 495 174 534 laus
192 498 345 535 oratoris
363 506 431 545 est,
451 498 490 535 in
509 499 629 536 verbis
649 502 753 540 (nam
772 499 897 548 ipsum
910 498 1045 536 Latine
1063 498 1181 548 loqui,

90 556 146 586 est
163 549 259 587 illud
273 551 440 601 quidem,
453 558 496 588 ut
514 552 627 602 paulo
645 560 730 588 ante
749 550 867 595 dixi,
858 563 896 587 m
915 563 1054 600 magna
1071 550 1184 588 laude

89 602 333 651 ponendum3
363 603 427 641 sed
446 615 520 641 non
540 611 618 641 tam
637 617 704 641 sua
723 611 866 663 sponte,
883 616 997 653 quam
1012 604 1114 653 quod
1128 611 1183 641 est

90 666 114 690 a
138 655 324 706 plerisque
350 657 587 705 neglectum:
617 669 692 693 non
720 657 820 694 enim
850 663 929 692 tam
961 656 1181 705 praeclarum

89 714 144 744 est
162 707 253 745 scire
272 709 422 754 Latine,
442 722 556 759 quam
575 717 684 760 turpe
702 709 866 752 nescire3
903 721 1026 758 neque
1043 716 1121 745 tam
1141 709 1180 746 id

89 759 185 796 mihi
213 761 366 799 oratoris
398 762 500 809 boni,
529 775 644 813 quam
672 762 760 800 civis
790 761 954 799 Romani
985 761 1180 811 proprium

90 812 262 850 videtur·
253 821 282 859 τ)
308 814 371 852 3οᾱ
390 822 514 852 tamen
542 815 762 853 Antonius
752 827 790 851 m
810 814 930 852 verbis
948 821 984 851 et
1002 814 1181 863 eligendis

89 868 229 916 (neque
247 867 313 903 id
303 880 427 917 ipsum
447 876 524 905 tam
543 868 677 918 leporis
696 880 820 913 causa,
841 879 955 917 quam
974 866 1179 916 ponderis),

89 925 126 955 et
150 919 385 966 collocandis,
406 928 442 958 et
459 921 784 971 comprehensione
802 918 1064 966 devinciendis,
1085 919 1180 955 nihil

89 982 165 1008 non
191 972 239 1009 ad
261 972 456 1020 rationem,
485 981 522 1010 et
539 981 734 1023 tamquam
749 972 797 1010 ad
816 980 947 1018 artem,
966 971 1150 1022 dirigebat
1167 986 1178 1007 :

89 1036 219 1061 verum
238 1025 360 1062 multo
377 1026 498 1075 magis
516 1026 586 1063 hoc
603 1026 703 1063 idem
721 1026 760 1062 in
779 1024 1045 1062 sententiarum
1071 1037 1180 1061 orna-

88 1077 224 1115 mentis
238 1085 275 1115 et
286 1077 650 1116 conformationibus.
680 1078 769 1125 Quo
780 1090 914 1127 genere
929 1077 1019 1127 quia
1031 1085 1182 1127 praestat

86 1130 262 1168 omnibus
280 1130 566 1178 Demosthenes,
586 1131 720 1170 idcirco
739 1144 761 1168 a
779 1130 894 1168 doctis
908 1137 1098 1168 oratorum
1125 1138 1181 1167 est

85 1183 256 1244 princeps
267 1183 466 1232 judicatus.
497 1191 569 1235 Σγη
573 1199 673 1229 ματα
687 1184 786 1222 0111111
802 1196 886 1233 quae
897 1190 1030 1220 vocant
1042 1182 1179 1229 Graeci,

87 1248 131 1273 ea
148 1236 314 1274 maxime
332 1244 466 1274 ornant
484 1244 692 1281 oratorem3
723 1249 839 1287 eaque
853 1248 929 1272 non
943 1242 1022 1272 tam
1036 1235 1075 1272 in
1095 1248 1176 1272 ver-

86 1288 144 1326 bis
162 1289 359 1339 pingendis
376 1289 516 1329 habent
533 1289 693 1340 pondus,
716 1301 832 1340 quam
857 1288 896 1328 in
922 1287 1179 1325 illuminandis

84 1342 285 1380 sententiis.

139 1395 387 1434 XXXVIII.
417 1397 504 1444 Sed,
532 1409 622 1435 cum
647 1398 728 1435 haec
757 1408 897 1446 magna
924 1395 964 1433 in
991 1394 1177 1442 Antonio,

85 1454 170 1485 tum
189 1449 283 1486 actio
301 1449 499 1500 singularis
515 1464 526 1494 3
556 1463 641 1500 quae
653 1451 683 1487 si
701 1449 895 1500 partienda.
912 1448 1018 1486 estin
1033 1455 1181 1498 gestum

87 1507 201 1551 atque
220 1515 347 1539 vocem
362 1516 374 1546 ς
404 1510 529 1552 gestus
548 1511 626 1541 erat
643 1516 719 1540 non
737 1504 852 1540 verba
868 1502 1094 1552 exprimens,
1116 1500 1181 1538 sed

86 1566 175 1591 cum
204 1555 394 1592 sententiis
417 1568 647 1606 congruens:
677 1569 827 1602 manuS,
856 1554 1019 1601 humeri,
1049 1554 1179 1600 latera,

86 1607 276 1657 supplosio
303 1607 423 1658 pedis,
457 1616 588 1655 statuS,
618 1609 795 1655 incessus,
828 1607 1026 1658 omnisque
1056 1614 1181 1644 motus

84 1671 172 1698 cum
202 1660 323 1698 verbis
352 1661 619 1712 sententiisque
647 1661 902 1705 consentiens;
932 1673 1005 1697 vox
1033 1671 1181 1710 perma-

84 1723 190 1772 nens,
211 1726 341 1751 verum
360 1715 543 1752 subrauca
560 1715 706 1752 natura„
760 1713 834 1752 Sed
850 1713 921 1750 hoc
939 1712 1073 1750 vitium
1092 1711 1182 1750 huic

86 1765 154 1802 uni
182 1765 222 1803 in
251 1768 396 1804 bonum
426 1769 674 1805 convertebat.
721 1767 900 1805 Habebat
927 1766 1026 1802 enim
1056 1764 1181 1802 flebile

84 1818 298 1868 quiddam
288 1832 328 1856 111
353 1820 623 1871 questionibus,
653 1827 862 1871 aptumque
886 1831 973 1856 cum
992 1817 1039 1855 ad
1066 1817 1180 1854 fidem

83 1870 308 1919 faciendam,
340 1880 424 1910 tum
451 1873 499 1910 ad
524 1873 815 1913 misericordiam
842 1870 1178 1910 commovendam·
1166 1898 1179 1915 ‚

84 1931 128 1960 ut
146 1937 278 1962 verum
296 1925 509 1964 videretur
499 1938 539 1963 m
556 1926 628 1964 hoc
644 1926 755 1974 illud,
768 1925 870 1985 quod
885 1923 1182 1961 Demosthenem

83 1975 210 2014 ferunt
228 1977 276 2025 ei,
296 1979 364 2029 qui
381 1979 624 2030 quaesivisset,
644 1979 737 2030 quid
753 1978 921 2029 primum
941 1983 1034 2014 esset
1058 1975 1098 2012 in
1124 1974 1182 2012 (11-

82 2029 214 2078 cendo,
233 2031 449 2078 actionem3
477 2031 570 2084 quid
584 2032 804 2078 secundum,
811 2030 932 2091 tidem,
946 2036 983 2066 et
995 2029 1096 2066 idern
1108 2035 1182 2066 ter-

83 2082 194 2130 tium,
214 2084 458 2135 respondisse.
506 2085 627 2124 Nulla
644 2098 702 2123 res
719 2083 839 2134 magis
857 2088 1026 2133 penetrat
1044 2081 1083 2120 in
1101 2081 1181 2120 ani-
