<?xml version="1.0" encoding="UTF-8"?>
<!DOCTYPE html PUBLIC "-//W3C//DTD XHTML 1.0 Transitional//EN"
    "http://www.w3.org/TR/xhtml1/DTD/xhtml1-transitional.dtd">
<html xmlns="http://www.w3.org/1999/xhtml" xml:lang="en" lang="en">
 <head>
  <title>
</title>
<meta http-equiv="Content-Type" content="text/html;charset=utf-8" />
  <meta name='ocr-system' content='tesseract 3.04.00' />
  <meta name='ocr-capabilities' content='ocr_page ocr_carea ocr_par ocr_line ocrx_word'/>
</head>
<body>
  <div class='ocr_page' id='page_1' title='image "./operaern01ciceuoft_0069.png"; bbox 0 0 1428 2308; ppageno 0'>
   <div class='ocr_carea' id='block_1_1' title="bbox 247 70 1236 124">
    <p class='ocr_par' dir='ltr' id='par_1_1' title="bbox 247 70 1236 124">
     <span class='ocr_line' id='line_1_1' title="bbox 247 70 1236 124; baseline -0.004 -12"><span class='ocrx_word' id='word_1_1' title='bbox 247 71 324 112; x_wconf 84' lang='lat' dir='ltr'>DE</span> <span class='ocrx_word' id='word_1_2' title='bbox 353 72 739 124; x_wconf 79' lang='lat' dir='ltr'>INVENTIONE,</span> <span class='ocrx_word' id='word_1_3' title='bbox 770 73 867 112; x_wconf 81' lang='lat' dir='ltr'>Lm.</span> <span class='ocrx_word' id='word_1_4' title='bbox 885 72 918 111; x_wconf 93' lang='grc' dir='ltr'>Ι.</span> <span class='ocrx_word' id='word_1_5' title='bbox 949 73 1132 112; x_wconf 76' lang='grc' dir='ltr'><strong>ΟΑΡ.50.</strong></span> <span class='ocrx_word' id='word_1_6' title='bbox 1189 70 1236 108; x_wconf 83' lang='grc'>51</span> 
     </span>
    </p>
   </div>
   <div class='ocr_carea' id='block_1_2' title="bbox 137 178 1256 2199">
    <p class='ocr_par' dir='ltr' id='par_1_2' title="bbox 137 178 1245 496">
     <span class='ocr_line' id='line_1_2' title="bbox 138 178 1241 231; baseline -0.003 -14"><span class='ocrx_word' id='word_1_7' title='bbox 138 191 214 229; x_wconf 88' lang='lat' dir='ltr'>quo</span> <span class='ocrx_word' id='word_1_8' title='bbox 232 178 382 229; x_wconf 89' lang='lat' dir='ltr'>dicitur,</span> <span class='ocrx_word' id='word_1_9' title='bbox 401 189 467 218; x_wconf 84' lang='lat' dir='ltr'>aut</span> <span class='ocrx_word' id='word_1_10' title='bbox 485 193 528 219; x_wconf 93' lang='lat' dir='ltr'>eo</span> <span class='ocrx_word' id='word_1_11' title='bbox 546 181 699 219; x_wconf 88' lang='lat' dir='ltr'>homine</span> <span class='ocrx_word' id='word_1_12' title='bbox 717 181 784 231; x_wconf 93' lang='lat' dir='ltr'>qui</span> <span class='ocrx_word' id='word_1_13' title='bbox 801 180 905 229; x_wconf 89' lang='lat' dir='ltr'>dicit,</span> <span class='ocrx_word' id='word_1_14' title='bbox 925 187 992 218; x_wconf 87' lang='lat' dir='ltr'>aut</span> <span class='ocrx_word' id='word_1_15' title='bbox 1010 192 1054 218; x_wconf 92' lang='lat' dir='ltr'>eo</span> <span class='ocrx_word' id='word_1_16' title='bbox 1073 187 1241 228; x_wconf 86' lang='lat' dir='ltr'>tempore</span> 
     </span>
     <span class='ocr_line' id='line_1_3' title="bbox 140 230 1244 286; baseline 0 -18"><span class='ocrx_word' id='word_1_17' title='bbox 140 244 217 282; x_wconf 89' lang='lat' dir='ltr'>quo</span> <span class='ocrx_word' id='word_1_18' title='bbox 235 232 384 281; x_wconf 90' lang='lat' dir='ltr'>dicitur,</span> <span class='ocrx_word' id='word_1_19' title='bbox 404 242 470 271; x_wconf 89' lang='lat' dir='ltr'>aut</span> <span class='ocrx_word' id='word_1_20' title='bbox 491 234 535 272; x_wconf 88' lang='lat' dir='ltr'>iis</span> <span class='ocrx_word' id='word_1_21' title='bbox 561 235 627 286; x_wconf 91' lang='lat' dir='ltr'>qui</span> <span class='ocrx_word' id='word_1_22' title='bbox 653 234 828 283; x_wconf 89' lang='lat' dir='ltr'>audiunt,</span> <span class='ocrx_word' id='word_1_23' title='bbox 857 241 924 272; x_wconf 90' lang='lat' dir='ltr'>aut</span> <span class='ocrx_word' id='word_1_24' title='bbox 945 234 990 271; x_wconf 67' lang='lat' dir='ltr'>ea</span> <span class='ocrx_word' id='word_1_25' title='bbox 1014 246 1066 282; x_wconf 82' lang='lat' dir='ltr'>re,</span> <span class='ocrx_word' id='word_1_26' title='bbox 1094 232 1171 283; x_wconf 60' lang='lat' dir='ltr'>qua</span> <span class='ocrx_word' id='word_1_27' title='bbox 1197 230 1244 268; x_wconf 90' lang='lat' dir='ltr'>de</span> 
     </span>
     <span class='ocr_line' id='line_1_4' title="bbox 139 284 1241 338; baseline -0.002 -16"><span class='ocrx_word' id='word_1_28' title='bbox 139 284 278 334; x_wconf 83' lang='lat' dir='ltr'>agitur,</span> <span class='ocrx_word' id='word_1_29' title='bbox 298 286 513 337; x_wconf 86' lang='lat' dir='ltr'>indignum,</span> <span class='ocrx_word' id='word_1_30' title='bbox 534 295 685 338; x_wconf 88' lang='lat' dir='ltr'>propter</span> <span class='ocrx_word' id='word_1_31' title='bbox 706 288 944 325; x_wconf 81' lang='lat' dir='ltr'><strong>inhonestam</strong></span> <span class='ocrx_word' id='word_1_32' title='bbox 965 299 1060 333; x_wconf 85' lang='lat' dir='ltr'>rem,</span> <span class='ocrx_word' id='word_1_33' title='bbox 1081 285 1241 323; x_wconf 89' lang='lat' dir='ltr'>videtur.</span> 
     </span>
     <span class='ocr_line' id='line_1_5' title="bbox 142 336 1244 391; baseline -0.002 -16"><span class='ocrx_word' id='word_1_34' title='bbox 142 336 344 377; x_wconf 87' lang='lat' dir='ltr'>Offensum</span> <span class='ocrx_word' id='word_1_35' title='bbox 361 348 429 388; x_wconf 86' lang='lat' dir='ltr'>est,</span> <span class='ocrx_word' id='word_1_36' title='bbox 450 341 552 391; x_wconf 93' lang='lat' dir='ltr'>quod</span> <span class='ocrx_word' id='word_1_37' title='bbox 570 353 714 388; x_wconf 88' lang='lat' dir='ltr'>eorum,</span> <span class='ocrx_word' id='word_1_38' title='bbox 735 341 802 391; x_wconf 92' lang='lat' dir='ltr'>qui</span> <span class='ocrx_word' id='word_1_39' title='bbox 819 341 993 387; x_wconf 89' lang='lat' dir='ltr'>audiunt,</span> <span class='ocrx_word' id='word_1_40' title='bbox 1010 340 1244 377; x_wconf 87' lang='lat' dir='ltr'>voluntatem</span> 
     </span>
     <span class='ocr_line' id='line_1_6' title="bbox 141 390 1245 444; baseline 0 -17"><span class='ocrx_word' id='word_1_41' title='bbox 141 390 269 428; x_wconf 86' lang='lat' dir='ltr'>laedit:</span> <span class='ocrx_word' id='word_1_42' title='bbox 304 400 360 440; x_wconf 90' lang='lat' dir='ltr'>ut,</span> <span class='ocrx_word' id='word_1_43' title='bbox 390 393 421 430; x_wconf 91' lang='lat' dir='ltr'>si</span> <span class='ocrx_word' id='word_1_44' title='bbox 446 394 530 443; x_wconf 86' lang='lat' dir='ltr'>quis</span> <span class='ocrx_word' id='word_1_45' title='bbox 555 394 656 444; x_wconf 89' lang='lat' dir='ltr'>apud</span> <span class='ocrx_word' id='word_1_46' title='bbox 682 395 825 444; x_wconf 85' lang='lat' dir='ltr'>equites</span> <span class='ocrx_word' id='word_1_47' title='bbox 854 394 1059 439; x_wconf 80' lang='lat' dir='ltr'>Romanos,</span> <span class='ocrx_word' id='word_1_48' title='bbox 1090 390 1245 442; x_wconf 88' lang='lat' dir='ltr'>cupidos</span> 
     </span>
     <span class='ocr_line' id='line_1_7' title="bbox 137 443 1107 496; baseline 0.002 -16"><span class='ocrx_word' id='word_1_49' title='bbox 137 443 347 492; x_wconf 88' lang='lat' dir='ltr'>judicandi,</span> <span class='ocrx_word' id='word_1_50' title='bbox 369 445 556 496; x_wconf 86' lang='lat' dir='ltr'>Caepionis</span> <span class='ocrx_word' id='word_1_51' title='bbox 573 447 695 496; x_wconf 87' lang='lat' dir='ltr'>legem</span> <span class='ocrx_word' id='word_1_52' title='bbox 711 447 948 495; x_wconf 81' lang='lat' dir='ltr'>judiciariam</span> <span class='ocrx_word' id='word_1_53' title='bbox 966 446 1107 483; x_wconf 84' lang='lat' dir='ltr'>laudet.</span> 
     </span>
    </p>

    <p class='ocr_par' dir='ltr' id='par_1_3' title="bbox 140 496 1256 2199">
     <span class='ocr_line' id='line_1_8' title="bbox 192 496 1243 550; baseline -0.002 -15"><span class='ocrx_word' id='word_1_54' title='bbox 192 497 240 534; x_wconf 88' lang='lat' dir='ltr'>L.</span> <span class='ocrx_word' id='word_1_55' title='bbox 271 498 512 536; x_wconf 83' lang='lat' dir='ltr'>Contrarium</span> <span class='ocrx_word' id='word_1_56' title='bbox 532 506 600 547; x_wconf 85' lang='lat' dir='ltr'>est,</span> <span class='ocrx_word' id='word_1_57' title='bbox 618 500 719 550; x_wconf 90' lang='lat' dir='ltr'>quod</span> <span class='ocrx_word' id='word_1_58' title='bbox 738 508 865 537; x_wconf 89' lang='lat' dir='ltr'>contra</span> <span class='ocrx_word' id='word_1_59' title='bbox 880 513 922 537; x_wconf 87' lang='lat' dir='ltr'>ea</span> <span class='ocrx_word' id='word_1_60' title='bbox 936 499 1084 545; x_wconf 76' lang='lat' dir='ltr'>dicitur,</span> <span class='ocrx_word' id='word_1_61' title='bbox 1102 511 1187 548; x_wconf 84' lang='lat' dir='ltr'>quae</span> <span class='ocrx_word' id='word_1_62' title='bbox 1202 496 1243 543; x_wconf 92' lang='lat' dir='ltr'>ii,</span> 
     </span>
     <span class='ocr_line' id='line_1_9' title="bbox 140 550 1244 602; baseline -0.001 -15"><span class='ocrx_word' id='word_1_63' title='bbox 140 550 207 600; x_wconf 85' lang='lat' dir='ltr'>qui</span> <span class='ocrx_word' id='word_1_64' title='bbox 221 551 394 600; x_wconf 85' lang='lat' dir='ltr'>audiunt,</span> <span class='ocrx_word' id='word_1_65' title='bbox 411 552 599 597; x_wconf 87' lang='lat' dir='ltr'>fecerunt;</span> <span class='ocrx_word' id='word_1_66' title='bbox 626 560 682 599; x_wconf 90' lang='lat' dir='ltr'>ut,</span> <span class='ocrx_word' id='word_1_67' title='bbox 698 552 728 589; x_wconf 89' lang='lat' dir='ltr'>si</span> <span class='ocrx_word' id='word_1_68' title='bbox 744 553 841 602; x_wconf 90' lang='lat' dir='ltr'>quis,</span> <span class='ocrx_word' id='word_1_69' title='bbox 860 552 963 602; x_wconf 89' lang='lat' dir='ltr'>apud</span> <span class='ocrx_word' id='word_1_70' title='bbox 977 551 1244 589; x_wconf 84' lang='lat' dir='ltr'><strong>Alexandrum</strong></span> 
     </span>
     <span class='ocr_line' id='line_1_10' title="bbox 141 602 1247 655; baseline -0.001 -15"><span class='ocrx_word' id='word_1_71' title='bbox 141 602 406 651; x_wconf 78' lang='lat' dir='ltr'>Macedonem,</span> <span class='ocrx_word' id='word_1_72' title='bbox 423 613 551 642; x_wconf 85' lang='lat' dir='ltr'>contra</span> <span class='ocrx_word' id='word_1_73' title='bbox 569 606 735 655; x_wconf 83' lang='lat' dir='ltr'>aliquem</span> <span class='ocrx_word' id='word_1_74' title='bbox 754 605 858 642; x_wconf 89' lang='lat' dir='ltr'>urbis</span> <span class='ocrx_word' id='word_1_75' title='bbox 877 612 1174 655; x_wconf 82' lang='lat' dir='ltr'>expugnatorem</span> <span class='ocrx_word' id='word_1_76' title='bbox 1189 602 1247 639; x_wconf 86' lang='lat' dir='ltr'>di-</span> 
     </span>
     <span class='ocr_line' id='line_1_11' title="bbox 141 657 1246 708; baseline -0.001 -15"><span class='ocrx_word' id='word_1_77' title='bbox 141 664 251 704; x_wconf 88' lang='lat' dir='ltr'>ceret,</span> <span class='ocrx_word' id='word_1_78' title='bbox 276 657 371 694; x_wconf 85' lang='lat' dir='ltr'>nihil</span> <span class='ocrx_word' id='word_1_79' title='bbox 396 671 472 695; x_wconf 89' lang='lat' dir='ltr'>esse</span> <span class='ocrx_word' id='word_1_80' title='bbox 491 658 690 705; x_wconf 77' lang='lat' dir='ltr'>crudelius,</span> <span class='ocrx_word' id='word_1_81' title='bbox 712 671 828 708; x_wconf 89' lang='lat' dir='ltr'>quam</span> <span class='ocrx_word' id='word_1_82' title='bbox 848 660 957 695; x_wconf 88' lang='lat' dir='ltr'>urbes</span> <span class='ocrx_word' id='word_1_83' title='bbox 977 657 1137 704; x_wconf 85' lang='lat' dir='ltr'>diruere,</span> <span class='ocrx_word' id='word_1_84' title='bbox 1158 668 1246 694; x_wconf 88' lang='lat' dir='ltr'>cum</span> 
     </span>
     <span class='ocr_line' id='line_1_12' title="bbox 141 708 1247 759; baseline 0 -13"><span class='ocrx_word' id='word_1_85' title='bbox 141 708 221 759; x_wconf 88' lang='lat' dir='ltr'>ipse</span> <span class='ocrx_word' id='word_1_86' title='bbox 233 710 452 748; x_wconf 81' lang='lat' dir='ltr'>Alexander</span> <span class='ocrx_word' id='word_1_87' title='bbox 464 711 616 748; x_wconf 88' lang='lat' dir='ltr'>Thebas</span> <span class='ocrx_word' id='word_1_88' title='bbox 628 711 811 748; x_wconf 83' lang='lat' dir='ltr'>diruisset.</span> <span class='ocrx_word' id='word_1_89' title='bbox 829 711 1050 748; x_wconf 86' lang='lat' dir='ltr'>Inconstans</span> <span class='ocrx_word' id='word_1_90' title='bbox 1063 717 1130 756; x_wconf 89' lang='lat' dir='ltr'>est,</span> <span class='ocrx_word' id='word_1_91' title='bbox 1145 708 1247 759; x_wconf 83' lang='lat' dir='ltr'>quod</span> 
     </span>
     <span class='ocr_line' id='line_1_13' title="bbox 143 763 1247 813; baseline -0.001 -14"><span class='ocrx_word' id='word_1_92' title='bbox 143 765 192 800; x_wconf 92' lang='lat' dir='ltr'>ab</span> <span class='ocrx_word' id='word_1_93' title='bbox 207 763 337 801; x_wconf 89' lang='lat' dir='ltr'>eodem</span> <span class='ocrx_word' id='word_1_94' title='bbox 349 763 395 802; x_wconf 90' lang='lat' dir='ltr'>de</span> <span class='ocrx_word' id='word_1_95' title='bbox 407 764 539 801; x_wconf 64' lang='lat' dir='ltr'>eadem</span> <span class='ocrx_word' id='word_1_96' title='bbox 550 777 589 802; x_wconf 91' lang='lat' dir='ltr'>re</span> <span class='ocrx_word' id='word_1_97' title='bbox 601 764 743 802; x_wconf 86' lang='lat' dir='ltr'>diverse</span> <span class='ocrx_word' id='word_1_98' title='bbox 755 764 912 810; x_wconf 80' lang='lat' dir='ltr'>dicitur3</span> <span class='ocrx_word' id='word_1_99' title='bbox 934 771 990 810; x_wconf 88' lang='lat' dir='ltr'>ut,</span> <span class='ocrx_word' id='word_1_100' title='bbox 1005 764 1035 801; x_wconf 91' lang='lat' dir='ltr'>si</span> <span class='ocrx_word' id='word_1_101' title='bbox 1047 763 1145 813; x_wconf 87' lang='lat' dir='ltr'>quis,</span> <span class='ocrx_word' id='word_1_102' title='bbox 1159 774 1247 799; x_wconf 88' lang='lat' dir='ltr'>cum</span> 
     </span>
     <span class='ocr_line' id='line_1_14' title="bbox 143 815 1248 867; baseline 0 -14"><span class='ocrx_word' id='word_1_103' title='bbox 143 815 292 864; x_wconf 81' lang='lat' dir='ltr'>dixerit,</span> <span class='ocrx_word' id='word_1_104' title='bbox 314 817 380 867; x_wconf 91' lang='lat' dir='ltr'>qui</span> <span class='ocrx_word' id='word_1_105' title='bbox 400 817 577 855; x_wconf 85' lang='lat' dir='ltr'>virtutem</span> <span class='ocrx_word' id='word_1_106' title='bbox 595 817 744 865; x_wconf 87' lang='lat' dir='ltr'>habeat,</span> <span class='ocrx_word' id='word_1_107' title='bbox 765 830 853 854; x_wconf 90' lang='lat' dir='ltr'>eum</span> <span class='ocrx_word' id='word_1_108' title='bbox 867 818 1009 854; x_wconf 85' lang='lat' dir='ltr'>nullius</span> <span class='ocrx_word' id='word_1_109' title='bbox 1023 816 1077 853; x_wconf 89' lang='lat' dir='ltr'>rei</span> <span class='ocrx_word' id='word_1_110' title='bbox 1091 816 1139 853; x_wconf 88' lang='lat' dir='ltr'>ad</span> <span class='ocrx_word' id='word_1_111' title='bbox 1152 817 1248 853; x_wconf 88' lang='lat' dir='ltr'>bene</span> 
     </span>
     <span class='ocr_line' id='line_1_15' title="bbox 143 869 1248 921; baseline -0.001 -15"><span class='ocrx_word' id='word_1_112' title='bbox 143 869 346 907; x_wconf 85' lang='lat' dir='ltr'>vivendum</span> <span class='ocrx_word' id='word_1_113' title='bbox 373 870 552 920; x_wconf 84' lang='lat' dir='ltr'>indigere,</span> <span class='ocrx_word' id='word_1_114' title='bbox 581 878 692 921; x_wconf 89' lang='lat' dir='ltr'>neget</span> <span class='ocrx_word' id='word_1_115' title='bbox 718 878 846 921; x_wconf 88' lang='lat' dir='ltr'>postea</span> <span class='ocrx_word' id='word_1_116' title='bbox 873 871 952 908; x_wconf 86' lang='lat' dir='ltr'>sine</span> <span class='ocrx_word' id='word_1_117' title='bbox 978 870 1080 908; x_wconf 72' lang='lat' dir='ltr'>bona</span> <span class='ocrx_word' id='word_1_118' title='bbox 1103 869 1248 906; x_wconf 85' lang='lat' dir='ltr'>valetu-</span> 
     </span>
     <span class='ocr_line' id='line_1_16' title="bbox 143 921 1247 973; baseline -0.002 -13"><span class='ocrx_word' id='word_1_119' title='bbox 143 921 230 959; x_wconf 86' lang='lat' dir='ltr'>dine</span> <span class='ocrx_word' id='word_1_120' title='bbox 248 936 354 973; x_wconf 89' lang='lat' dir='ltr'>posse</span> <span class='ocrx_word' id='word_1_121' title='bbox 372 925 468 961; x_wconf 89' lang='lat' dir='ltr'>bene</span> <span class='ocrx_word' id='word_1_122' title='bbox 486 924 632 961; x_wconf 82' lang='lat' dir='ltr'>vivere:</span> <span class='ocrx_word' id='word_1_123' title='bbox 660 931 739 971; x_wconf 85' lang='lat' dir='ltr'>aut,</span> <span class='ocrx_word' id='word_1_124' title='bbox 760 937 798 961; x_wconf 89' lang='lat' dir='ltr'>se</span> <span class='ocrx_word' id='word_1_125' title='bbox 817 924 937 962; x_wconf 89' lang='lat' dir='ltr'>amico</span> <span class='ocrx_word' id='word_1_126' title='bbox 955 923 1082 961; x_wconf 82' lang='lat' dir='ltr'>adesse</span> <span class='ocrx_word' id='word_1_127' title='bbox 1095 928 1247 973; x_wconf 91' lang='lat' dir='ltr'>propter</span> 
     </span>
     <span class='ocr_line' id='line_1_17' title="bbox 142 975 1250 1028; baseline -0.002 -14"><span class='ocrx_word' id='word_1_128' title='bbox 142 976 467 1022; x_wconf 87' lang='lat' dir='ltr'>benevolentiam;</span> <span class='ocrx_word' id='word_1_129' title='bbox 493 989 639 1027; x_wconf 89' lang='lat' dir='ltr'>sperare</span> <span class='ocrx_word' id='word_1_130' title='bbox 658 977 759 1014; x_wconf 86' lang='lat' dir='ltr'>enim</span> <span class='ocrx_word' id='word_1_131' title='bbox 777 977 922 1028; x_wconf 90' lang='lat' dir='ltr'>aliquid</span> <span class='ocrx_word' id='word_1_132' title='bbox 940 975 1128 1014; x_wconf 82' lang='lat' dir='ltr'>commodi</span> <span class='ocrx_word' id='word_1_133' title='bbox 1147 975 1194 1012; x_wconf 90' lang='lat' dir='ltr'>ad</span> <span class='ocrx_word' id='word_1_134' title='bbox 1212 988 1250 1012; x_wconf 89' lang='lat' dir='ltr'>se</span> 
     </span>
     <span class='ocr_line' id='line_1_18' title="bbox 142 1028 1250 1081; baseline -0.002 -15"><span class='ocrx_word' id='word_1_135' title='bbox 142 1036 426 1079; x_wconf 89' lang='lat' dir='ltr'>perventurum.</span> <span class='ocrx_word' id='word_1_136' title='bbox 453 1030 673 1068; x_wconf 88' lang='lat' dir='ltr'>Adversum</span> <span class='ocrx_word' id='word_1_137' title='bbox 688 1038 756 1078; x_wconf 88' lang='lat' dir='ltr'>est,</span> <span class='ocrx_word' id='word_1_138' title='bbox 772 1031 875 1081; x_wconf 91' lang='lat' dir='ltr'>quod</span> <span class='ocrx_word' id='word_1_139' title='bbox 892 1030 964 1081; x_wconf 88' lang='lat' dir='ltr'>ipsi</span> <span class='ocrx_word' id='word_1_140' title='bbox 982 1043 1102 1068; x_wconf 88' lang='lat' dir='ltr'>causae</span> <span class='ocrx_word' id='word_1_141' title='bbox 1121 1028 1250 1078; x_wconf 62' lang='lat' dir='ltr'>aliqua</span> 
     </span>
     <span class='ocr_line' id='line_1_19' title="bbox 144 1082 1250 1134; baseline -0.001 -15"><span class='ocrx_word' id='word_1_142' title='bbox 144 1095 192 1119; x_wconf 82' lang='lat' dir='ltr'>ex</span> <span class='ocrx_word' id='word_1_143' title='bbox 210 1090 315 1133; x_wconf 88' lang='lat' dir='ltr'>parte</span> <span class='ocrx_word' id='word_1_144' title='bbox 333 1083 472 1129; x_wconf 89' lang='lat' dir='ltr'>officit;</span> <span class='ocrx_word' id='word_1_145' title='bbox 502 1091 546 1121; x_wconf 91' lang='lat' dir='ltr'>ut</span> <span class='ocrx_word' id='word_1_146' title='bbox 569 1084 600 1121; x_wconf 92' lang='lat' dir='ltr'>si</span> <span class='ocrx_word' id='word_1_147' title='bbox 622 1084 706 1134; x_wconf 82' lang='lat' dir='ltr'>quis</span> <span class='ocrx_word' id='word_1_148' title='bbox 731 1084 897 1121; x_wconf 87' lang='lat' dir='ltr'>hostium</span> <span class='ocrx_word' id='word_1_149' title='bbox 917 1084 995 1121; x_wconf 91' lang='lat' dir='ltr'>vim</span> <span class='ocrx_word' id='word_1_150' title='bbox 1015 1090 1051 1122; x_wconf 93' lang='lat' dir='ltr'>et</span> <span class='ocrx_word' id='word_1_151' title='bbox 1069 1082 1193 1133; x_wconf 87' lang='lat' dir='ltr'>copias</span> <span class='ocrx_word' id='word_1_152' title='bbox 1213 1087 1250 1118; x_wconf 88' lang='lat' dir='ltr'>et</span> 
     </span>
     <span class='ocr_line' id='line_1_20' title="bbox 143 1134 1250 1188; baseline -0.001 -16"><span class='ocrx_word' id='word_1_153' title='bbox 143 1134 359 1174; x_wconf 83' lang='lat' dir='ltr'>felicitatem</span> <span class='ocrx_word' id='word_1_154' title='bbox 385 1144 534 1187; x_wconf 86' lang='lat' dir='ltr'>augeat,</span> <span class='ocrx_word' id='word_1_155' title='bbox 561 1150 650 1174; x_wconf 90' lang='lat' dir='ltr'>cum</span> <span class='ocrx_word' id='word_1_156' title='bbox 675 1137 723 1174; x_wconf 87' lang='lat' dir='ltr'>ad</span> <span class='ocrx_word' id='word_1_157' title='bbox 746 1137 998 1188; x_wconf 88' lang='lat' dir='ltr'>pugnandum</span> <span class='ocrx_word' id='word_1_158' title='bbox 1023 1136 1162 1174; x_wconf 83' lang='lat' dir='ltr'>milites</span> <span class='ocrx_word' id='word_1_159' title='bbox 1184 1134 1250 1171; x_wconf 90' lang='lat' dir='ltr'>ad-</span> 
     </span>
     <span class='ocr_line' id='line_1_21' title="bbox 143 1188 1249 1241; baseline -0.001 -16"><span class='ocrx_word' id='word_1_160' title='bbox 143 1188 324 1227; x_wconf 89' lang='lat' dir='ltr'>hortetur.</span> <span class='ocrx_word' id='word_1_161' title='bbox 366 1190 406 1227; x_wconf 89' lang='lat' dir='ltr'>Si</span> <span class='ocrx_word' id='word_1_162' title='bbox 431 1203 506 1228; x_wconf 90' lang='lat' dir='ltr'>non</span> <span class='ocrx_word' id='word_1_163' title='bbox 533 1190 582 1228; x_wconf 89' lang='lat' dir='ltr'>ad</span> <span class='ocrx_word' id='word_1_164' title='bbox 602 1190 656 1238; x_wconf 91' lang='lat' dir='ltr'>id,</span> <span class='ocrx_word' id='word_1_165' title='bbox 677 1191 779 1241; x_wconf 89' lang='lat' dir='ltr'>quod.</span> <span class='ocrx_word' id='word_1_166' title='bbox 797 1190 1018 1237; x_wconf 86' lang='lat' dir='ltr'>instituitur,</span> <span class='ocrx_word' id='word_1_167' title='bbox 1040 1200 1249 1227; x_wconf 87' lang='lat' dir='ltr'>accommo-</span> 
     </span>
     <span class='ocr_line' id='line_1_22' title="bbox 144 1241 1252 1294; baseline -0.002 -15"><span class='ocrx_word' id='word_1_168' title='bbox 144 1241 294 1280; x_wconf 87' lang='lat' dir='ltr'>dabitur</span> <span class='ocrx_word' id='word_1_169' title='bbox 318 1243 446 1294; x_wconf 89' lang='lat' dir='ltr'>aliqua</span> <span class='ocrx_word' id='word_1_170' title='bbox 470 1257 556 1294; x_wconf 88' lang='lat' dir='ltr'>pars</span> <span class='ocrx_word' id='word_1_171' title='bbox 582 1244 931 1294; x_wconf 84' lang='lat' dir='ltr'>argumentationis,</span> <span class='ocrx_word' id='word_1_172' title='bbox 958 1244 1097 1280; x_wconf 89' lang='lat' dir='ltr'>horum</span> <span class='ocrx_word' id='word_1_173' title='bbox 1123 1241 1252 1292; x_wconf 87' lang='lat' dir='ltr'>aliquo</span> 
     </span>
     <span class='ocr_line' id='line_1_23' title="bbox 143 1294 1251 1348; baseline -0.001 -16"><span class='ocrx_word' id='word_1_174' title='bbox 143 1295 184 1332; x_wconf 90' lang='lat' dir='ltr'>in</span> <span class='ocrx_word' id='word_1_175' title='bbox 203 1295 293 1333; x_wconf 90' lang='lat' dir='ltr'>vitio</span> <span class='ocrx_word' id='word_1_176' title='bbox 311 1296 538 1347; x_wconf 81' lang='lat' dir='ltr'>reperietur:</span> <span class='ocrx_word' id='word_1_177' title='bbox 569 1297 614 1345; x_wconf 92' lang='lat' dir='ltr'>si,</span> <span class='ocrx_word' id='word_1_178' title='bbox 635 1298 746 1348; x_wconf 89' lang='lat' dir='ltr'>plura</span> <span class='ocrx_word' id='word_1_179' title='bbox 763 1297 966 1347; x_wconf 87' lang='lat' dir='ltr'>pollicitus,</span> <span class='ocrx_word' id='word_1_180' title='bbox 986 1296 1163 1347; x_wconf 86' lang='lat' dir='ltr'>pauciora</span> <span class='ocrx_word' id='word_1_181' title='bbox 1186 1294 1251 1331; x_wconf 88' lang='lat' dir='ltr'>de-</span> 
     </span>
     <span class='ocr_line' id='line_1_24' title="bbox 143 1347 1249 1398; baseline -0.001 -13"><span class='ocrx_word' id='word_1_182' title='bbox 143 1350 392 1394; x_wconf 87' lang='lat' dir='ltr'>monstrabit;</span> <span class='ocrx_word' id='word_1_183' title='bbox 427 1357 506 1398; x_wconf 83' lang='lat' dir='ltr'>aut,</span> <span class='ocrx_word' id='word_1_184' title='bbox 536 1349 581 1398; x_wconf 89' lang='lat' dir='ltr'>si,</span> <span class='ocrx_word' id='word_1_185' title='bbox 610 1363 698 1388; x_wconf 89' lang='lat' dir='ltr'>cum</span> <span class='ocrx_word' id='word_1_186' title='bbox 722 1357 844 1388; x_wconf 91' lang='lat' dir='ltr'>totum</span> <span class='ocrx_word' id='word_1_187' title='bbox 867 1350 1018 1388; x_wconf 88' lang='lat' dir='ltr'>debebit</span> <span class='ocrx_word' id='word_1_188' title='bbox 1043 1347 1249 1394; x_wconf 88' lang='lat' dir='ltr'>ostendere,</span> 
     </span>
     <span class='ocr_line' id='line_1_25' title="bbox 144 1401 1250 1454; baseline -0.001 -16"><span class='ocrx_word' id='word_1_189' title='bbox 144 1401 191 1439; x_wconf 84' lang='lat' dir='ltr'>de</span> <span class='ocrx_word' id='word_1_190' title='bbox 208 1409 315 1452; x_wconf 85' lang='lat' dir='ltr'>parte</span> <span class='ocrx_word' id='word_1_191' title='bbox 334 1403 464 1454; x_wconf 67' lang='lat' dir='ltr'>aliqua</span> <span class='ocrx_word' id='word_1_192' title='bbox 480 1404 671 1454; x_wconf 85' lang='lat' dir='ltr'>loquatur,</span> <span class='ocrx_word' id='word_1_193' title='bbox 691 1404 762 1441; x_wconf 92' lang='lat' dir='ltr'>hoc</span> <span class='ocrx_word' id='word_1_194' title='bbox 780 1403 892 1440; x_wconf 88' lang='lat' dir='ltr'>modo</span> <span class='ocrx_word' id='word_1_195' title='bbox 907 1417 917 1440; x_wconf 74' lang='grc' dir='ltr'>ε</span> <span class='ocrx_word' id='word_1_196' title='bbox 948 1403 1162 1440; x_wconf 86' lang='lat' dir='ltr'>Mulierum</span> <span class='ocrx_word' id='word_1_197' title='bbox 1185 1413 1250 1450; x_wconf 89' lang='lat' dir='ltr'>ge-</span> 
     </span>
     <span class='ocr_line' id='line_1_26' title="bbox 145 1455 1251 1507; baseline -0.002 -15"><span class='ocrx_word' id='word_1_198' title='bbox 145 1467 216 1492; x_wconf 92' lang='lat' dir='ltr'>nus</span> <span class='ocrx_word' id='word_1_199' title='bbox 236 1468 392 1493; x_wconf 87' lang='lat' dir='ltr'>avarum</span> <span class='ocrx_word' id='word_1_200' title='bbox 411 1463 486 1501; x_wconf 90' lang='lat' dir='ltr'>est;</span> <span class='ocrx_word' id='word_1_201' title='bbox 513 1469 602 1493; x_wconf 87' lang='lat' dir='ltr'>nam</span> <span class='ocrx_word' id='word_1_202' title='bbox 622 1456 808 1507; x_wconf 87' lang='lat' dir='ltr'>Eriphyle</span> <span class='ocrx_word' id='word_1_203' title='bbox 827 1469 918 1493; x_wconf 87' lang='lat' dir='ltr'>auro</span> <span class='ocrx_word' id='word_1_204' title='bbox 937 1456 1007 1494; x_wconf 87' lang='lat' dir='ltr'>viri</span> <span class='ocrx_word' id='word_1_205' title='bbox 1025 1455 1142 1493; x_wconf 88' lang='lat' dir='ltr'>vitam</span> <span class='ocrx_word' id='word_1_206' title='bbox 1162 1466 1251 1491; x_wconf 88' lang='lat' dir='ltr'>ven-</span> 
     </span>
     <span class='ocr_line' id='line_1_27' title="bbox 145 1507 1251 1560; baseline -0.002 -15"><span class='ocrx_word' id='word_1_207' title='bbox 145 1507 265 1546; x_wconf 79' lang='lat' dir='ltr'>didit:</span> <span class='ocrx_word' id='word_1_208' title='bbox 299 1517 380 1557; x_wconf 86' lang='lat' dir='ltr'>aut,</span> <span class='ocrx_word' id='word_1_209' title='bbox 409 1509 439 1546; x_wconf 92' lang='lat' dir='ltr'>si</span> <span class='ocrx_word' id='word_1_210' title='bbox 464 1521 540 1547; x_wconf 91' lang='lat' dir='ltr'>non</span> <span class='ocrx_word' id='word_1_211' title='bbox 565 1509 617 1557; x_wconf 91' lang='lat' dir='ltr'>id,</span> <span class='ocrx_word' id='word_1_212' title='bbox 646 1509 748 1560; x_wconf 92' lang='lat' dir='ltr'>quod</span> <span class='ocrx_word' id='word_1_213' title='bbox 776 1510 1023 1556; x_wconf 87' lang='lat' dir='ltr'>accusabitur,</span> <span class='ocrx_word' id='word_1_214' title='bbox 1049 1507 1251 1552; x_wconf 85' lang='lat' dir='ltr'>defendet;</span> 
     </span>
     <span class='ocr_line' id='line_1_28' title="bbox 147 1561 1253 1612; baseline -0.002 -13"><span class='ocrx_word' id='word_1_215' title='bbox 147 1569 203 1609; x_wconf 89' lang='lat' dir='ltr'>ut,</span> <span class='ocrx_word' id='word_1_216' title='bbox 224 1562 255 1599; x_wconf 92' lang='lat' dir='ltr'>si</span> <span class='ocrx_word' id='word_1_217' title='bbox 269 1562 366 1612; x_wconf 88' lang='lat' dir='ltr'>quis,</span> <span class='ocrx_word' id='word_1_218' title='bbox 387 1575 475 1599; x_wconf 91' lang='lat' dir='ltr'>cum</span> <span class='ocrx_word' id='word_1_219' title='bbox 490 1562 653 1600; x_wconf 58' lang='lat' dir='ltr'>ambitus</span> <span class='ocrx_word' id='word_1_220' title='bbox 666 1563 915 1609; x_wconf 84' lang='lat' dir='ltr'>accusabitur,</span> <span class='ocrx_word' id='word_1_221' title='bbox 931 1575 1049 1600; x_wconf 86' lang='lat' dir='ltr'>manu</span> <span class='ocrx_word' id='word_1_222' title='bbox 1065 1574 1102 1599; x_wconf 92' lang='lat' dir='ltr'>se</span> <span class='ocrx_word' id='word_1_223' title='bbox 1116 1561 1253 1598; x_wconf 88' lang='lat' dir='ltr'>fortem</span> 
     </span>
     <span class='ocr_line' id='line_1_29' title="bbox 147 1613 1252 1666; baseline -0.003 -14"><span class='ocrx_word' id='word_1_224' title='bbox 147 1627 224 1652; x_wconf 90' lang='lat' dir='ltr'>esse</span> <span class='ocrx_word' id='word_1_225' title='bbox 243 1615 442 1661; x_wconf 79' lang='lat' dir='ltr'>defendet3</span> <span class='ocrx_word' id='word_1_226' title='bbox 472 1623 516 1653; x_wconf 93' lang='lat' dir='ltr'>ut</span> <span class='ocrx_word' id='word_1_227' title='bbox 540 1616 740 1666; x_wconf 89' lang='lat' dir='ltr'>Amphion</span> <span class='ocrx_word' id='word_1_228' title='bbox 765 1616 868 1666; x_wconf 88' lang='lat' dir='ltr'>apud</span> <span class='ocrx_word' id='word_1_229' title='bbox 893 1615 1133 1666; x_wconf 85' lang='lat' dir='ltr'>Euripidem,</span> <span class='ocrx_word' id='word_1_230' title='bbox 1159 1613 1252 1650; x_wconf 89' lang='lat' dir='ltr'>item</span> 
     </span>
     <span class='ocr_line' id='line_1_30' title="bbox 147 1667 1254 1720; baseline -0.002 -15"><span class='ocrx_word' id='word_1_231' title='bbox 147 1668 251 1718; x_wconf 91' lang='lat' dir='ltr'>apud</span> <span class='ocrx_word' id='word_1_232' title='bbox 270 1668 495 1716; x_wconf 89' lang='lat' dir='ltr'>Pacuvium,</span> <span class='ocrx_word' id='word_1_233' title='bbox 515 1669 596 1720; x_wconf 90' lang='lat' dir='ltr'>qui,</span> <span class='ocrx_word' id='word_1_234' title='bbox 616 1669 829 1719; x_wconf 61' lang='lat' dir='ltr'>vituperata</span> <span class='ocrx_word' id='word_1_235' title='bbox 847 1669 1004 1716; x_wconf 59' lang='lat' dir='ltr'>musica,</span> <span class='ocrx_word' id='word_1_236' title='bbox 1031 1667 1254 1718; x_wconf 86' lang='lat' dir='ltr'>sapientiam</span> 
     </span>
     <span class='ocr_line' id='line_1_31' title="bbox 147 1721 1252 1772; baseline -0.002 -14"><span class='ocrx_word' id='word_1_237' title='bbox 147 1721 296 1758; x_wconf 85' lang='lat' dir='ltr'>laudat:</span> <span class='ocrx_word' id='word_1_238' title='bbox 325 1729 391 1758; x_wconf 87' lang='lat' dir='ltr'>aut</span> <span class='ocrx_word' id='word_1_239' title='bbox 409 1721 440 1759; x_wconf 90' lang='lat' dir='ltr'>si</span> <span class='ocrx_word' id='word_1_240' title='bbox 458 1735 514 1759; x_wconf 89' lang='lat' dir='ltr'>res</span> <span class='ocrx_word' id='word_1_241' title='bbox 533 1735 580 1759; x_wconf 85' lang='lat' dir='ltr'>ex</span> <span class='ocrx_word' id='word_1_242' title='bbox 598 1722 762 1759; x_wconf 88' lang='lat' dir='ltr'>hominis</span> <span class='ocrx_word' id='word_1_243' title='bbox 782 1722 872 1759; x_wconf 91' lang='lat' dir='ltr'>vitio</span> <span class='ocrx_word' id='word_1_244' title='bbox 886 1721 1174 1772; x_wconf 86' lang='lat' dir='ltr'>vituperabitur,</span> <span class='ocrx_word' id='word_1_245' title='bbox 1194 1726 1252 1767; x_wconf 94' lang='lat' dir='ltr'>ut,</span> 
     </span>
     <span class='ocr_line' id='line_1_32' title="bbox 148 1772 1250 1825; baseline -0.003 -13"><span class='ocrx_word' id='word_1_246' title='bbox 148 1775 179 1812; x_wconf 91' lang='lat' dir='ltr'>si</span> <span class='ocrx_word' id='word_1_247' title='bbox 197 1774 282 1825; x_wconf 87' lang='lat' dir='ltr'>quis</span> <span class='ocrx_word' id='word_1_248' title='bbox 295 1774 503 1812; x_wconf 85' lang='lat' dir='ltr'>doctrinam</span> <span class='ocrx_word' id='word_1_249' title='bbox 518 1787 565 1812; x_wconf 84' lang='lat' dir='ltr'>ex</span> <span class='ocrx_word' id='word_1_250' title='bbox 580 1775 739 1824; x_wconf 89' lang='lat' dir='ltr'>alicujus</span> <span class='ocrx_word' id='word_1_251' title='bbox 754 1774 853 1812; x_wconf 90' lang='lat' dir='ltr'>docti</span> <span class='ocrx_word' id='word_1_252' title='bbox 868 1774 966 1812; x_wconf 88' lang='lat' dir='ltr'>vitiis</span> <span class='ocrx_word' id='word_1_253' title='bbox 981 1772 1250 1825; x_wconf 80' lang='lat' dir='ltr'>reprehendat3</span> 
     </span>
     <span class='ocr_line' id='line_1_33' title="bbox 148 1826 1256 1879; baseline -0.003 -14"><span class='ocrx_word' id='word_1_254' title='bbox 148 1836 228 1875; x_wconf 88' lang='lat' dir='ltr'>aut,</span> <span class='ocrx_word' id='word_1_255' title='bbox 248 1827 279 1865; x_wconf 88' lang='lat' dir='ltr'>si</span> <span class='ocrx_word' id='word_1_256' title='bbox 297 1827 377 1878; x_wconf 87' lang='lat' dir='ltr'>qui,</span> <span class='ocrx_word' id='word_1_257' title='bbox 398 1840 486 1865; x_wconf 88' lang='lat' dir='ltr'>cum</span> <span class='ocrx_word' id='word_1_258' title='bbox 504 1828 671 1879; x_wconf 88' lang='lat' dir='ltr'>aliquem</span> <span class='ocrx_word' id='word_1_259' title='bbox 690 1828 788 1865; x_wconf 88' lang='lat' dir='ltr'>volet</span> <span class='ocrx_word' id='word_1_260' title='bbox 809 1827 978 1875; x_wconf 88' lang='lat' dir='ltr'>laudare,</span> <span class='ocrx_word' id='word_1_261' title='bbox 1005 1828 1052 1864; x_wconf 90' lang='lat' dir='ltr'>de</span> <span class='ocrx_word' id='word_1_262' title='bbox 1079 1826 1256 1864; x_wconf 86' lang='lat' dir='ltr'>felicitate</span> 
     </span>
     <span class='ocr_line' id='line_1_34' title="bbox 148 1880 1256 1931; baseline -0.005 -12"><span class='ocrx_word' id='word_1_263' title='bbox 148 1882 244 1930; x_wconf 86' lang='lat' dir='ltr'>ejus,</span> <span class='ocrx_word' id='word_1_264' title='bbox 263 1893 339 1919; x_wconf 89' lang='lat' dir='ltr'>non</span> <span class='ocrx_word' id='word_1_265' title='bbox 357 1880 405 1918; x_wconf 87' lang='lat' dir='ltr'>de</span> <span class='ocrx_word' id='word_1_266' title='bbox 424 1881 574 1929; x_wconf 89' lang='lat' dir='ltr'>virtute,</span> <span class='ocrx_word' id='word_1_267' title='bbox 595 1880 718 1918; x_wconf 87' lang='lat' dir='ltr'>dicat:</span> <span class='ocrx_word' id='word_1_268' title='bbox 749 1887 828 1929; x_wconf 85' lang='lat' dir='ltr'>aut,</span> <span class='ocrx_word' id='word_1_269' title='bbox 855 1881 886 1917; x_wconf 87' lang='lat' dir='ltr'>si</span> <span class='ocrx_word' id='word_1_270' title='bbox 913 1881 980 1931; x_wconf 91' lang='lat' dir='ltr'>qui</span> <span class='ocrx_word' id='word_1_271' title='bbox 1006 1892 1086 1917; x_wconf 89' lang='lat' dir='ltr'>rem</span> <span class='ocrx_word' id='word_1_272' title='bbox 1110 1891 1197 1916; x_wconf 89' lang='lat' dir='ltr'>cum</span> <span class='ocrx_word' id='word_1_273' title='bbox 1216 1891 1256 1915; x_wconf 88' lang='lat' dir='ltr'>re</span> 
     </span>
     <span class='ocr_line' id='line_1_35' title="bbox 147 1930 1254 1985; baseline -0.004 -14"><span class='ocrx_word' id='word_1_274' title='bbox 147 1935 202 1972; x_wconf 87' lang='lat' dir='ltr'>ita</span> <span class='ocrx_word' id='word_1_275' title='bbox 218 1934 463 1985; x_wconf 86' lang='lat' dir='ltr'>comparabit,</span> <span class='ocrx_word' id='word_1_276' title='bbox 483 1941 527 1972; x_wconf 90' lang='lat' dir='ltr'>ut</span> <span class='ocrx_word' id='word_1_277' title='bbox 545 1935 701 1971; x_wconf 87' lang='lat' dir='ltr'>alteram</span> <span class='ocrx_word' id='word_1_278' title='bbox 717 1946 755 1971; x_wconf 89' lang='lat' dir='ltr'>se</span> <span class='ocrx_word' id='word_1_279' title='bbox 774 1946 850 1971; x_wconf 90' lang='lat' dir='ltr'>non</span> <span class='ocrx_word' id='word_1_280' title='bbox 868 1941 977 1984; x_wconf 81' lang='lat' dir='ltr'>putet</span> <span class='ocrx_word' id='word_1_281' title='bbox 994 1932 1161 1978; x_wconf 85' lang='lat' dir='ltr'>laudare,</span> <span class='ocrx_word' id='word_1_282' title='bbox 1182 1930 1254 1967; x_wconf 83' lang='lat' dir='ltr'>nisi</span> 
     </span>
     <span class='ocr_line' id='line_1_36' title="bbox 148 1984 1254 2038; baseline -0.006 -12"><span class='ocrx_word' id='word_1_283' title='bbox 148 1988 304 2026; x_wconf 75' lang='lat' dir='ltr'>alteram</span> <span class='ocrx_word' id='word_1_284' title='bbox 323 1987 568 2038; x_wconf 65' lang='lat' dir='ltr'>vituperaritg</span> <span class='ocrx_word' id='word_1_285' title='bbox 596 1995 662 2025; x_wconf 88' lang='lat' dir='ltr'>aut</span> <span class='ocrx_word' id='word_1_286' title='bbox 680 1987 710 2024; x_wconf 89' lang='lat' dir='ltr'>si</span> <span class='ocrx_word' id='word_1_287' title='bbox 729 1987 885 2024; x_wconf 89' lang='lat' dir='ltr'>alteram</span> <span class='ocrx_word' id='word_1_288' title='bbox 904 1986 958 2024; x_wconf 91' lang='lat' dir='ltr'>ita</span> <span class='ocrx_word' id='word_1_289' title='bbox 975 1985 1117 2031; x_wconf 85' lang='lat' dir='ltr'>laudet,</span> <span class='ocrx_word' id='word_1_290' title='bbox 1139 1991 1181 2020; x_wconf 91' lang='lat' dir='ltr'>ut</span> <span class='ocrx_word' id='word_1_291' title='bbox 1200 1984 1254 2019; x_wconf 86' lang='lat' dir='ltr'>al-</span> 
     </span>
     <span class='ocr_line' id='line_1_37' title="bbox 148 2036 1256 2087; baseline -0.006 -8"><span class='ocrx_word' id='word_1_292' title='bbox 148 2041 263 2080; x_wconf 81' lang='lat' dir='ltr'>terius</span> <span class='ocrx_word' id='word_1_293' title='bbox 286 2053 363 2078; x_wconf 89' lang='lat' dir='ltr'>non</span> <span class='ocrx_word' id='word_1_294' title='bbox 389 2040 501 2079; x_wconf 85' lang='lat' dir='ltr'>faciat</span> <span class='ocrx_word' id='word_1_295' title='bbox 524 2040 779 2078; x_wconf 89' lang='lat' dir='ltr'>mentionem:</span> <span class='ocrx_word' id='word_1_296' title='bbox 810 2046 877 2077; x_wconf 87' lang='lat' dir='ltr'>aut</span> <span class='ocrx_word' id='word_1_297' title='bbox 902 2039 947 2087; x_wconf 88' lang='lat' dir='ltr'>si,</span> <span class='ocrx_word' id='word_1_298' title='bbox 975 2051 1062 2076; x_wconf 88' lang='lat' dir='ltr'>cum</span> <span class='ocrx_word' id='word_1_299' title='bbox 1085 2037 1131 2074; x_wconf 91' lang='lat' dir='ltr'>de</span> <span class='ocrx_word' id='word_1_300' title='bbox 1155 2036 1256 2073; x_wconf 62' lang='lat' dir='ltr'>certa</span> 
     </span>
     <span class='ocr_line' id='line_1_38' title="bbox 148 2088 1255 2146; baseline -0.006 -14"><span class='ocrx_word' id='word_1_301' title='bbox 148 2107 189 2132; x_wconf 86' lang='lat' dir='ltr'>re</span> <span class='ocrx_word' id='word_1_302' title='bbox 213 2100 414 2146; x_wconf 86' lang='lat' dir='ltr'>quaeretur,</span> <span class='ocrx_word' id='word_1_303' title='bbox 439 2093 487 2131; x_wconf 87' lang='lat' dir='ltr'>de</span> <span class='ocrx_word' id='word_1_304' title='bbox 508 2094 701 2131; x_wconf 90' lang='lat' dir='ltr'>communi</span> <span class='ocrx_word' id='word_1_305' title='bbox 724 2093 940 2130; x_wconf 88' lang='lat' dir='ltr'>instituetur</span> <span class='ocrx_word' id='word_1_306' title='bbox 963 2091 1106 2134; x_wconf 86' lang='lat' dir='ltr'>oratio;</span> <span class='ocrx_word' id='word_1_307' title='bbox 1140 2096 1197 2136; x_wconf 89' lang='lat' dir='ltr'>ut,</span> <span class='ocrx_word' id='word_1_308' title='bbox 1224 2088 1255 2125; x_wconf 89' lang='lat' dir='ltr'>si</span> 
     </span>
     <span class='ocr_line' id='line_1_39' title="bbox 149 2147 1253 2199; baseline -0.006 -13"><span class='ocrx_word' id='word_1_309' title='bbox 149 2147 247 2199; x_wconf 86' lang='lat' dir='ltr'>quis,</span> <span class='ocrx_word' id='word_1_310' title='bbox 267 2159 354 2186; x_wconf 86' lang='lat' dir='ltr'>cum</span> <span class='ocrx_word' id='word_1_311' title='bbox 373 2147 491 2199; x_wconf 80' lang='lat' dir='ltr'>aliqui</span> <span class='ocrx_word' id='word_1_312' title='bbox 509 2147 728 2195; x_wconf 84' lang='lat' dir='ltr'>deliberent,</span> <span class='ocrx_word' id='word_1_313' title='bbox 747 2147 894 2185; x_wconf 86' lang='lat' dir='ltr'>bellum</span> <span class='ocrx_word' id='word_1_314' title='bbox 918 2150 1062 2196; x_wconf 85' lang='lat' dir='ltr'>gerant,</span> <span class='ocrx_word' id='word_1_315' title='bbox 1089 2155 1138 2181; x_wconf 88' lang='lat' dir='ltr'>an</span> <span class='ocrx_word' id='word_1_316' title='bbox 1161 2153 1253 2189; x_wconf 87' lang='lat' dir='ltr'>non,</span> 
     </span>
    </p>
   </div>
  </div>
 </body>
</html>
