1429 2344
181 61 259 101 150
331 59 408 100 DE
438 58 733 108 ORATORE,
763 58 861 98 Lm.
884 59 917 97 Ι.
948 58 1051 99 ΟΑΡ.
1069 60 1134 98 26.

187 168 289 207 vocis
318 180 445 217 sonus,
472 168 603 215 latera,
638 167 747 215 vires,
779 167 1026 205 conformatio
1055 165 1232 218 quaedam
1261 174 1299 206 et

189 222 314 273 figura
342 222 457 260 totius
481 221 554 260 oris
580 227 617 258 et
643 221 837 272 corporis?
867 221 1006 272 Neque
1029 220 1110 259 haec
1128 220 1181 258 ita
1199 220 1298 270 dico,

191 283 236 314 ut
254 289 313 314 ars
328 275 473 327 aliquid
490 275 625 312 limare
643 286 719 312 non
745 274 862 324 possit
889 277 1029 325 (neque
1059 274 1161 312 enim
1190 273 1299 324 igno-

191 341 248 378 ro,
278 336 315 368 et
347 342 433 381 quae
461 330 563 366 bona
592 327 681 375 sint,
713 327 794 365 fieri
811 327 969 365 meliora
986 339 1094 379 posse
1113 327 1298 376 doctrina,

190 390 229 420 et
247 396 336 433 quae
353 395 430 420 non
448 382 607 432 optima,
628 381 756 433 aliquo
774 381 888 419 modo
906 381 991 420 aeui
1012 388 1139 419 tamen
1165 388 1202 419 et
1220 394 1302 419 cor-

191 436 264 486 rigi
292 443 442 488 posse):
476 435 540 473 sed
569 442 658 472 sunt
687 435 844 486 quidam
874 442 941 472 aut
969 435 1022 472 ita
1040 434 1174 486 lingua
1191 435 1302 473 haesi-

190 496 328 538 tantes,
358 496 425 527 aut
448 489 502 527 ita
526 501 615 527 voce
640 488 785 537 absoni,
813 495 879 526 aut
903 488 957 525 ita
981 489 1091 526 vultu
1116 494 1303 539 motuque

190 543 355 594 corporis
381 542 476 581 vasti
495 549 609 593 atque
628 549 804 592 agrestes,
824 548 881 589 ut,
902 541 1051 579 etiamsi
1068 541 1228 592 ingeniis
1246 549 1304 580 at-

191 610 268 658 que
293 603 372 635 arte
398 597 561 645 valeant,
588 602 716 633 tamen
735 595 775 632 in
794 602 988 633 oratorum
1009 607 1214 633 numerum
1240 608 1305 633 ve-

192 651 275 688 nire
293 663 370 688 non
388 650 544 701 possint.
587 650 686 688 Sunt
710 656 840 687 autem
859 648 1016 699 quidam
1034 649 1088 686 ita
1104 649 1145 686 in
1170 648 1305 687 iisdem

195 706 308 747 rebus
332 703 491 752 habiles,
518 703 571 741 ita
589 710 735 740 naturae
759 702 982 740 muneribus
1001 702 1138 751 ornati,
1164 709 1208 740 ut
1227 714 1305 741 non

195 758 290 807 nati,
321 757 386 796 sed
401 759 448 795 ab
468 756 597 808 aliquo
612 756 698 794 Deo
716 756 808 804 ficti,
829 768 908 794 6556
927 756 1138 794 videantur.
1186 755 1304 807 Mag-

191 824 290 849 num
317 811 510 863 quoddam
537 817 591 848 est
616 823 712 849 onus
738 819 852 861 atque
869 822 1025 858 munus,
1046 810 1231 861 suscipere
1249 817 1306 848 at-

195 878 271 916 que
307 865 487 916 profiteri,
525 877 564 903 se
600 877 691 912 esse,
729 864 906 902 omnibus
939 863 1150 912 silentibus,
1183 875 1308 903 unum

194 918 376 957 maximis
405 918 453 956 de
480 919 605 966 rebus,
635 930 777 968 magno
805 917 846 954 in
873 924 1059 955 conventu
1088 917 1306 966 hominum,

195 972 442 1011 audiendum.
489 971 614 1009 Adest
643 971 745 1009 enim
774 970 851 1009 fere
879 983 1006 1019 nemo,
1038 970 1132 1022 quin
1161 970 1310 1009 acutius

194 1033 312 1077 atque
329 1025 450 1064 acrius
468 1025 560 1064 vitia
573 1025 614 1063 in
632 1025 791 1073 dicente,
808 1037 926 1076 quam
937 1032 1050 1071 recta,
1065 1024 1199 1063 videat.
1230 1024 1306 1074 Ita,

198 1079 388 1132 quidquid
413 1086 481 1127 est,
507 1079 549 1116 in
575 1092 652 1130 quo
678 1078 894 1126 offenditur,
920 1078 960 1115 id
980 1078 1094 1116 etiam
1112 1078 1193 1127 illa,
1221 1092 1308 1129 quae

196 1133 391 1172 laudanda
414 1139 516 1182 sunt,
543 1133 681 1170 obruit.
722 1133 862 1183 Neque
886 1132 967 1170 haec
990 1132 1031 1169 in
1054 1145 1138 1170 eam
1158 1139 1308 1170 senten-

195 1187 292 1226 tiam
318 1187 483 1237 disputo,
512 1193 557 1224 ut
579 1186 751 1224 homines
779 1186 1042 1232 adolescentes,
1070 1186 1101 1223 si
1126 1185 1220 1237 quid
1237 1198 1306 1224 na-

195 1248 237 1279 t¹
228 1241 320 1278 11316
348 1240 444 1279 forte
467 1252 544 1277 non
569 1240 748 1288 habeant,
769 1239 925 1277 omnino
954 1253 977 1277 a
1004 1239 1154 1277 dicendi
1182 1239 1308 1278 studio

197 1295 419 1332 deterream.
461 1293 560 1340 Quis
587 1294 689 1331 enim
715 1306 792 1331 non
812 1292 928 1341 videt,
950 1292 994 1331 C.
1016 1292 1148 1340 Coelio,
1170 1293 1308 1344 aequali

195 1361 296 1397 meo,
325 1347 466 1398 magno
490 1348 624 1386 honori
648 1347 778 1408 fuisse,
806 1346 954 1384 homini
978 1359 1090 1394 novo,
1116 1346 1259 1384 illam
1248 1359 1309 1398 lp-

197 1415 294 1450 sam,
324 1414 608 1452 quamcumque
626 1401 775 1452 assequi
792 1400 970 1451 potuerit,
990 1400 1030 1437 in
1050 1400 1208 1445 dicendo
1226 1412 1308 1439 me-

195 1454 465 1493 diocritatem?
495 1454 594 1503 Quis
624 1461 791 1492 vestrum
824 1454 1023 1505 aequalem,
1054 1453 1105 1501 Q.
1126 1453 1305 1502 Varium,

196 1515 351 1547 vastum
378 1508 575 1546 hominem
601 1514 716 1559 atque
740 1507 898 1555 foedum,
925 1519 1002 1545 non
1028 1506 1218 1558 intelligit,
1239 1507 1308 1546 illa

194 1560 283 1612 ipsa
300 1562 493 1609 facultate,
514 1574 798 1613 quamcumque
815 1562 943 1610 habet,
969 1573 1152 1612 magnam
1171 1574 1248 1600 esse
1265 1561 1309 1599 in

197 1615 348 1654 civitate
367 1615 528 1665 gratiam
547 1617 821 1654 consecutlun?

252 1668 413 1706 XXVI.
435 1669 510 1707 Sed
529 1669 619 1720 quia
637 1668 684 1706 de
702 1675 847 1706 oratore
865 1668 1085 1720 quaerimus‚
1106 1668 1308 1719 fingendus

197 1728 253 1760 est
280 1721 389 1759 nobis
416 1721 583 1759 oratione
612 1722 752 1770 nostra,
788 1721 961 1760 detractis
990 1721 1166 1760 omnibus
1191 1722 1306 1771 vitiis,

196 1782 334 1822 orator,
364 1781 478 1825 atque
496 1775 601 1813 omni
619 1775 732 1813 laude
750 1776 978 1813 cumulatus.
1025 1775 1165 1825 Neque
1187 1775 1304 1824 enim,

195 1828 229 1868 si
257 1827 465 1865 multitudo
492 1828 634 1876 litium,
666 1828 698 1866 si
727 1828 884 1866 varietas
916 1840 1129 1888 causarum,
1164 1828 1195 1866 si
1226 1828 1308 1867 haec

195 1883 310 1920 turba
328 1887 364 1919 et
381 1881 556 1918 barbaria
573 1881 728 1919 forensis
748 1882 813 1919 dat
830 1882 958 1920 locum
977 1882 1037 1919 vel
1059 1881 1307 1920 vitiosissimis

195 1934 419 1981 orator-ihm,
447 1934 585 1972 idcirco
610 1947 678 1972 nos
703 1935 788 1983 hoc,
817 1935 920 1995 quod
945 1934 1165 1985 quaerimus,
1193 1935 1308 1973 omit·

196 1995 334 2027 temus.
381 1987 519 2038 Itaque
543 1988 584 2025 in
610 1988 655 2026 iis
674 1988 860 2036 artibus,
850 2001 890 2025 111
910 1989 1048 2039 quibus
1067 2000 1144 2025 non
1163 1988 1306 2027 utilitas

196 2041 380 2093 quaeritur
407 2041 624 2089 necessaria,
655 2041 721 2079 sed
745 2041 864 2079 animi
888 2041 1008 2080 libera
1035 2041 1211 2092 quaedam
1235 2044 1305 2080 ob-

195 2095 359 2143 lectatio,
389 2107 507 2146 quam
531 2094 743 2146 diligenter,
770 2101 807 2133 et
833 2107 950 2146 quam
973 2107 1092 2146 prope
1114 2094 1305 2134 fastidiose

191 2147 435 2198 judicamus!
479 2148 612 2188 Nullae
641 2148 743 2188 enim
773 2148 857 2188 lites
888 2160 1013 2200 neque
1046 2148 1304 2188 controversiae
