1429 2344
197 118 248 157 66
305 118 381 157 DE
412 118 800 166 INVENTIONE,
832 120 928 158 Lm.
949 120 1004 158 ΙΙ.
1037 120 1139 159 ΟΑΡ.
1160 118 1197 164 7.

197 240 309 264 causa
341 227 387 265 ad
423 228 656 278 peccandum
692 228 840 266 hortata
877 228 1056 266 videatur.
1103 228 1144 265 Si
1173 226 1303 278 gloriae

198 294 334 325 causa;
357 289 539 332 quantam
560 282 720 332 gloriam
741 289 1023 320 consecuturam
1049 280 1297 319 existimarit:

196 334 287 371 item
307 335 338 371 si
352 335 631 381 dominationis,
652 335 682 373 si
701 336 882 387 pecuniae,
912 335 942 373 si
961 334 1149 381 amicitiae,
1179 334 1209 372 si
1227 333 1300 370 ini-

196 387 450 434 micitiarum3
482 396 519 426 et
544 388 699 426 omnino
728 388 914 440 quidquid
940 389 1023 437 erit,
1053 387 1157 439 quod
1181 401 1302 426 causae

195 440 310 479 fuisse
328 441 439 488 dicet,
463 442 503 479 id
521 455 670 479 summe
694 455 830 492 augere
849 442 1011 480 debebit.
1052 442 1106 479 Et
1123 441 1194 479 hoc
1212 453 1300 479 eum

195 507 423 545 magnopere
442 495 672 538 considerare
690 496 888 547 oportebit,
915 508 991 533 non
1020 494 1114 546 quid
1140 495 1179 532 in
1206 494 1302 532 veri-

192 554 268 585 tate
286 548 414 596 modo,
445 562 576 587 verum
603 549 715 586 etiam
743 549 1014 596 vehementius,
1044 548 1137 600 quid
1162 548 1202 585 in
1221 547 1302 598 opi-

194 601 306 639 nione
325 603 405 650 ejus
425 616 540 654 quem
567 610 712 653 arguet,
743 602 868 640 fuerit.
911 603 1022 640 Nihil
1046 603 1149 640 enim
1174 601 1299 648 refert,

193 667 268 691 non
288 655 416 703 fuisse,
448 664 514 693 aut
543 669 619 694 non
648 669 739 703 esse,
766 656 912 707 aliquid
939 655 1128 695 commodi
1157 662 1224 701 aut
1241 653 1299 691 in-

193 709 396 756 commodi,
417 710 448 747 si
466 710 611 747 ostendi
629 717 764 760 potest,
796 710 829 748 ei
849 710 972 748 visum
992 723 1082 757 esse,
1103 708 1170 761 qui
1189 721 1300 759 argu·
1325 710 1327 712 ’

192 769 287 800 atur.
319 763 424 800 Nam
438 763 565 814 opinio
583 764 782 814 dupliciter
800 764 898 801 fallit
911 764 1107 808 homines;
1129 775 1216 801 cum
1235 769 1302 799 aut

192 829 249 854 res
268 816 468 854 aliusmodi
488 825 555 866 est,
576 829 619 855 ac
636 824 806 868 putatur,
827 825 893 855 aut
911 830 988 856 non
1006 818 1039 855 is
1056 823 1212 855 eventus
1230 822 1299 863 est,

193 883 308 920 quem
328 871 498 908 arbitrati
516 878 615 908 sunt.
657 872 734 909 Res
764 871 965 909 aliusmodi
995 878 1050 909 est
1080 878 1178 916 tum,
1210 882 1297 907 cum

190 932 257 961 aut
275 924 328 970 id,
350 924 451 975 quod
470 926 614 962 bonum
634 932 702 972 est,
723 926 869 962 malum
888 932 1049 976 putant3
1071 931 1138 962 aut
1156 930 1297 969 contra,

191 977 294 1028 quod
312 978 459 1015 malum
479 986 547 1025 est,
578 980 749 1023 bonum3
781 986 848 1016 aut
872 979 974 1030 quod
993 991 1062 1016 nec
1078 978 1225 1015 malum
1245 984 1299 1014 oet

191 1044 258 1069 nec
278 1033 436 1079 bonum,
467 1033 613 1070 malum
643 1039 710 1070 aut
735 1034 904 1077 bonum3
937 1039 1004 1070 aut
1023 1031 1125 1083 quod
1152 1031 1298 1068 malum

193 1092 259 1122 aut
277 1087 422 1123 bonum
441 1093 509 1134 est,
541 1098 609 1124 nec
633 1087 780 1123 malum
800 1099 868 1123 nee
886 1088 1042 1124 bonum.
1083 1085 1171 1123 Hoc
1188 1085 1298 1123 intel-

192 1139 301 1187 lecto,
333 1139 364 1177 si
394 1139 479 1190 quis
509 1139 676 1190 negabit,
707 1140 827 1177 ullam
853 1153 930 1177 esse
954 1139 1154 1190 pecuniam
1174 1138 1299 1176 fratris

192 1200 259 1230 aut
277 1193 388 1230 amici
406 1193 498 1240 vita,
530 1201 596 1231 aut
614 1193 776 1245 denique
795 1193 930 1241 officio,
961 1193 1214 1245 antiquiorem
1233 1200 1299 1230 aut

190 1246 416 1294 suaviorem,
444 1259 520 1285 non
539 1247 608 1285 erit
625 1247 696 1285 hoc
714 1247 917 1285 accusatori
935 1247 1178 1297 negandum:
1208 1259 1296 1284 nam

189 1300 232 1337 in
251 1313 339 1338 eum
357 1301 484 1351 culpa,
516 1308 553 1338 et
580 1314 776 1339 summum
795 1300 926 1338 odium
946 1300 1202 1348 transferetur,
1231 1302 1298 1352 qui

191 1353 244 1401 id,
266 1354 367 1404 quod
387 1361 466 1392 tam
485 1367 570 1393 vere
588 1362 624 1393 et
637 1355 699 1405 pie
717 1354 874 1402 (licetur,
895 1353 1060 1405 negabit.
1089 1354 1237 1392 Verum
1251 1355 1296 1392 il-

191 1407 259 1445 lud
277 1408 480 1446 dicendum
501 1408 583 1457 erit,
603 1408 660 1446 ffli
678 1421 754 1446 non
773 1421 850 1446 esse
869 1408 922 1445 ita
940 1408 1090 1453 visum3
1111 1408 1214 1459 quod
1235 1421 1297 1446 su-

191 1461 246 1498 mi
264 1468 410 1512 oportet
437 1475 484 1500 ex
511 1462 570 1509 iis,
602 1476 688 1513 quae
717 1462 765 1500 ad
794 1474 992 1513 personam
1019 1461 1222 1513 pertinent,
1251 1461 1298 1500 de

191 1528 267 1566 quo
286 1523 370 1565 post
388 1515 590 1553 dicendum
611 1523 675 1554 est.

245 1568 343 1606 VII.
374 1570 546 1607 Eventus
571 1577 699 1608 autem
725 1577 809 1608 tum
831 1571 943 1618 fallit,
971 1583 1059 1608 cum
1077 1570 1184 1608 aliter
1202 1570 1296 1608 acci-

188 1621 258 1670 dit,
279 1630 393 1673 atque
411 1623 451 1671 ii,
473 1623 539 1674 qui
558 1631 783 1674 arguuntur,
804 1624 973 1662 arbitrati
998 1637 1075 1662 esse
1092 1624 1294 1669 dicuntur-3

190 1682 248 1723 ut,
268 1675 299 1713 si
318 1677 384 1727 qui
398 1676 545 1714 dicatur
569 1678 688 1715 alium
717 1678 905 1725 occidisse,
926 1690 970 1715 ac
993 1677 1166 1725 voluerit,
1193 1677 1296 1728 quod

190 1736 257 1766 aut
276 1729 534 1778 similitudine,
555 1738 622 1769 aut
647 1731 869 1783 suspicione,
889 1738 956 1769 aut
979 1730 1297 1769 demonstratione

187 1782 297 1830 falsa,
328 1784 505 1835 deceptus
533 1785 605 1830 sit3
641 1792 707 1823 aut
737 1798 825 1823 eum
855 1784 1017 1832 necasse,
1049 1785 1157 1833 cujus
1184 1791 1296 1822 testae

186 1843 318 1874 mento
337 1850 412 1875 non
433 1838 480 1875 sit
497 1838 629 1886 haeres,
650 1839 753 1890 quod
774 1839 854 1888 ejus
875 1844 1099 1876 testamento
1119 1851 1158 1875 se
1178 1836 1296 1876 haere-

189 1889 277 1927 dem
303 1891 503 1929 arbitratus
529 1891 586 1929 sit.
630 1893 721 1930 Non
747 1892 849 1930 enim
877 1905 924 1930 ex
943 1898 1078 1930 eventu
1103 1891 1296 1942 cogitatio-

190 1955 278 1981 nem
303 1945 462 1995 spectari
490 1943 710 1997 [oportet31‘
725 1946 803 1993 sed,
828 1945 906 1997 qua
927 1944 1150 1995 cogitatione
1169 1951 1206 1982 et
1231 1958 1296 1995 spe

190 1997 239 2034 ad
258 1998 486 2035 maleficium
500 1998 689 2049 profectus
707 1999 769 2047 sit,
785 1999 1040 2043 considerare3
1061 2005 1098 2036 et
1116 2010 1193 2050 quo
1214 1998 1295 2035 ani-

188 2063 252 2088 mo
271 2051 362 2101 quid
381 2052 541 2103 quisquc
556 2052 680 2100 faciat,
701 2065 777 2090 non
792 2065 868 2104 quo
886 2065 973 2090 casu
993 2058 1135 2099 utatur,
1155 2051 1203 2089 ad
1217 2064 1297 2089 rem

188 2104 383 2155 pertinere.
418 2105 463 2142 Iu
483 2105 554 2143 hoc
582 2113 709 2144 autem
729 2107 823 2153 loco,
844 2113 957 2157 caput
981 2105 1076 2143 iJJud
1101 2105 1171 2143 erit
1188 2117 1296 2143 accu-

189 2158 315 2205 satori,
350 2159 380 2195 si
407 2159 662 2197 demonstrare
699 2160 849 2210 poterit,
880 2159 944 2198 alii
974 2159 1116 2197 nemini
1144 2171 1295 2197 causam

187 2210 303 2249 fuisse
321 2212 504 2259 faciendi3
527 2213 803 2262 secundarium,
820 2214 850 2253 si
864 2221 1022 2261 tantam,
1040 2220 1105 2252 aut
1124 2219 1203 2251 tam
1216 2211 1298 2250 ido-
