1407 2324
132 66 210 107 DE
230 67 436 109 CLARIS
453 67 840 118 ORATORIBUS,
860 69 963 109 CAP.
983 69 1047 108 21.
1075 69 1153 113 375

63 174 134 212 hoc
145 173 273 214 locum
286 175 490 227 quemdam
509 176 621 214 etiam
641 177 718 215 Ser.
735 177 907 226 Fulvius,
927 183 964 214 et
981 175 1060 213 una
1074 176 1153 213 Ser.

66 227 207 266 Fabius
226 229 365 278 Pictor,
393 237 430 268 et
443 230 553 279 juris,
579 237 615 267 et
631 230 840 278 literarum,
869 238 905 268 et
923 229 1156 280 antiquitatis

65 281 159 318 bene
176 282 328 332 peritus.
368 282 418 330 Q.
435 295 509 334 que
527 283 668 320 Fabius
687 283 814 320 Labeo
832 283 905 320 fuit
923 290 1074 321 ornatus
1093 282 1156 319 iis-

65 333 153 370 dem
167 335 245 372 fere
257 335 444 373 laudibus.
473 336 578 373 Nam
593 336 644 382 Q.
661 336 856 383 Metellus,
876 336 920 384 is,
940 336 1047 384 cujus
1062 347 1155 385 qua-

65 393 152 424 tuor
175 388 245 425 filii
273 389 483 427 consulares
509 389 677 437 fuerunt,
707 389 746 425 in
775 389 907 439 primis
932 396 986 426 est
1006 388 1158 425 habitus

67 439 267 490 eloquens;
297 442 364 492 qui
391 455 460 493 pro
490 442 536 479 L.
554 441 665 479 Cotta
693 442 803 489 dixit,
832 448 1026 480 accusante
1050 439 1158 478 Afri-

67 505 185 538 cano;
215 495 323 543 cujus
355 503 391 532 et
420 495 504 532 aliae
532 502 619 532 sunt
647 495 843 542 orationes,
873 502 909 532 et
937 501 1065 532 contra
1090 493 1155 530 Ti.

68 545 284 585 Gracchum
302 548 470 598 exposita
488 555 542 585 est
557 548 597 585 in
617 547 660 585 C.
675 548 811 585 Fannii
830 548 1038 585 annalibus.

121 599 228 638 Tum
246 601 325 650 ipse
343 601 390 638 L.
407 601 517 638 Cotta
535 608 715 638 veterator
732 601 908 644 habitus,
898 614 907 623 ·
930 601 993 638 sed
1012 600 1055 637 C.
1073 599 1160 637 Lae-

70 651 143 689 lius
168 660 205 690 et
230 653 275 691 P.
290 653 495 692 Africanus
519 654 559 690 in
583 653 714 704 primis
732 655 944 714 eloquentes
958 665 1160 712 :quorum

70 713 218 743 exstant
241 707 438 754 orationes,
468 720 515 744 ex
541 708 678 757 quibus
705 707 908 744 existimari
933 706 978 743 (10
1002 705 1162 755 ingeniis

73 756 303 810 [oratorum]
323 767 455 810 potest.
484 760 572 806 Sed,
591 760 687 797 inter
704 759 786 807 hos,
807 767 913 797 aetate
930 759 1089 809 paulum
1102 758 1162 795 his

70 812 302 872 antecedens,
329 813 408 849 sine
432 813 677 850 controversia
702 813 779 850 Ser.
802 813 925 849 Galba
949 811 1163 862 eloquentia

71 865 266 913 praestitit·
297 872 333 902 et
362 866 542 902 nimirum
567 866 612 913 is,
637 865 808 916 princeps
833 878 880 902 ex
910 864 1069 911 Latinis,
1097 864 1164 900 illa

70 925 261 954 oratorum
285 918 435 969 propria
459 925 495 955 et
520 918 627 977 quasi
650 918 818 968 legitima
841 929 953 968 opera
976 917 1162 963 tractavit,

72 976 117 1006 ut
141 970 375 1030 egrederetur
399 984 422 1008 a
444 970 632 1022 proposito
657 971 815 1008 ornandi
837 983 963 1018 causa,
983 977 1027 1007 ut
1044 969 1164 1006 delec-

72 1029 167 1060 taret
184 1023 342 1072 animos,
361 1031 405 1062 ut
422 1031 666 1074 permoveret,
685 1031 730 1061 ut
748 1031 900 1074 augeret
917 1035 1011 1071 rem,
1030 1029 1074 1059 ut
1091 1021 1165 1058 mi-

73 1075 331 1124 serationibus,
363 1085 407 1115 ut
435 1077 699 1114 communibus
730 1077 834 1124 locis,
867 1082 1043 1114 uteretur.
1091 1075 1165 1113 Sed

72 1128 195 1166 nescio
209 1130 398 1180 quomodo
415 1130 544 1178 hujus,
559 1143 673 1181 quem
687 1137 831 1168 constat
844 1128 1057 1180 eloquentia
1069 1140 1166 1178 prae-

73 1181 220 1229 stitisse,
241 1183 410 1221 exiliores
428 1183 611 1221 orationes
629 1190 730 1229 sunt,
757 1190 794 1220 et
817 1182 1021 1219 redolentes
1045 1181 1167 1230 magis

73 1234 351 1285 antiquitatem,
384 1249 501 1286 quam
533 1243 600 1273 aut
631 1236 742 1273 Laelii
773 1243 839 1272 aut
872 1234 1068 1284 Scipionis,
1102 1242 1169 1270 aut

73 1287 187 1324 etiam
204 1288 322 1338 ipsius
340 1288 516 1327 Catonis:
538 1289 665 1339 itaque
684 1295 925 1336 exaruerunt,
945 1287 1009 1325 vix
1024 1287 1105 1336 jam
1123 1292 1168 1323 ut

73 1348 288 1401 appareant.

129 1392 225 1430 De
215 1407 271 1444 1ps
273 1394 331 1431 ius
350 1394 461 1431 Laelii
479 1401 516 1432 et
535 1393 717 1444 Scipionis
742 1393 907 1443 ingenio,
935 1403 1167 1444 quamquam

76 1458 120 1483 ea
130 1446 211 1493 jam
229 1455 284 1484 est
301 1447 441 1498 opinio,
461 1454 505 1484 ut
521 1447 732 1498 plurimum
750 1447 937 1483 tribuatur
955 1446 1166 1488 ambobus3

76 1498 224 1536 dicendi
241 1506 368 1537 tamen
382 1500 464 1538 laus
483 1508 538 1538 est
554 1501 594 1536 in
614 1499 733 1536 Laelio
750 1499 940 1536 illustrior.
978 1499 1037 1535 At
1054 1497 1172 1535 oratio

80 1551 191 1589 Laelii
221 1552 269 1590 de
300 1552 478 1603 collegiis,
511 1565 587 1590 non
619 1552 765 1599 melior,
799 1565 929 1603 quam,
963 1551 1009 1589 de
1041 1549 1172 1588 multis

77 1617 194 1655 quam
213 1605 327 1654 voles,
348 1606 554 1657 Scipionis.
575 1618 651 1643 non
670 1618 746 1656 quo
759 1605 826 1642 illa
841 1605 951 1642 Laelii
964 1603 1173 1655 quidquam

78 1657 127 1694 sit
144 1657 305 1707 dulcius,
330 1667 396 1696 aut
421 1658 523 1710 quod
547 1659 593 1696 de
617 1658 795 1718 religione
813 1657 886 1695 dici
903 1657 1019 1708 possit
1037 1669 1175 1706 augus-

81 1710 181 1756 tius3
211 1712 275 1750 sed
302 1713 425 1750 multo
454 1719 581 1750 tamen
610 1711 788 1749 vetustior
817 1718 854 1748 et
881 1710 1064 1748 horridior
1095 1709 1174 1755 ille,

81 1776 199 1814 quam
217 1765 366 1816 Scipio·
396 1772 446 1813 et,
466 1777 554 1804 cum
573 1765 648 1802 sint
669 1764 710 1802 in
735 1763 891 1802 dicendo
910 1763 1021 1800 variae
1039 1761 1176 1798 volun-

82 1823 191 1865 tates,
210 1817 384 1856 delectari
400 1818 496 1856 mibi
512 1818 634 1878 tnagis
648 1817 869 1868 antiquitate
882 1815 1042 1861 videtur,
1064 1821 1100 1851 et
1117 1814 1177 1849 lu-

83 1870 214 1907 benter
231 1871 353 1909 verbis
374 1871 487 1909 etiam
511 1871 568 1908 uti
592 1870 706 1921 paulo
730 1869 851 1919 magis
875 1868 1003 1919 priscis
1022 1865 1177 1903 Laelius.

85 1922 161 1961 Sed
185 1930 239 1961 est
255 1936 339 1962 mos
356 1924 571 1972 hominum,
590 1930 634 1961 ut
658 1923 779 1960 nolint
805 1921 980 1959 eumdem
1005 1919 1178 1969 pluribus

86 1977 198 2014 rebus
211 1977 402 2015 excellere.
445 1977 564 2025 Nam,
583 1983 629 2014 ut
647 1989 694 2014 ex
712 1975 846 2013 bellica
862 1973 975 2011 laude
993 1971 1181 2030 adspirare

87 2028 136 2065 ad
161 2029 388 2068 Africanum
412 2042 524 2068 nemo
548 2036 682 2081 potest,
709 2028 750 2066 in
777 2040 855 2078 qua
880 2026 963 2077 ipsa
981 2023 1182 2084 egregium

88 2081 271 2120 Viriatioo
286 2083 387 2121 bello
403 2083 610 2134 reperimus
622 2081 737 2119 fuisse
751 2080 941 2124 Laelium3
962 2077 1014 2116 sic
1026 2075 1183 2137 ingenii,

87 2134 296 2184 literarum,
315 2135 552 2187 eloquentiae,
579 2134 770 2186 sapientiae
795 2132 971 2183 denique,
998 2130 1067 2169 etsi
1091 2128 1186 2167 utri-
