1407 2324
189 83 266 123 DE
296 84 590 133 0RATORE,
621 85 718 123 LIB·
741 84 822 123 ΙΙΙ.
853 83 958 123 CAP.
983 84 1048 122 59.
1096 80 1172 119 351

122 191 209 242 Ego
227 199 310 230 tum
328 192 496 253 gravida,
518 192 676 243 expletis
690 193 771 242 jam
791 191 868 230 fere
886 191 934 228 ad
952 188 1179 242 pariendum

125 298 199 336 Per
222 248 499 360 ideffieligirkiiids
526 298 759 350 Polydorum
783 298 945 337 Hecuba
963 305 1074 348 partu
1093 308 1179 347 pos-

281 359 402 390 tremo
420 353 560 403 parit.''

127 457 240 496 LIX.
275 457 423 497 Omnes
451 466 579 497 autem
608 459 677 497 hos
707 465 834 497 motus
866 456 1044 518 subsequi
1071 455 1182 493 debet

71 520 212 562 gestus,
232 524 309 549 non
334 512 396 550 hic
422 514 536 550 verba
558 512 785 563 exprimens,
807 511 985 558 scenicus,
1007 509 1071 547 sed
1095 509 1182 546 uni-

73 577 218 602 versam
238 577 318 602 rem
341 573 378 603 et
402 566 639 612 sententiam,
659 578 736 603 non
761 564 1090 610 demonstratione,
1118 561 1183 600 sed

73 617 343 668 significatione
362 618 568 666 declarans,
589 620 750 656 laterum
769 617 971 655 inflexione
997 616 1067 654 hac
1091 615 1181 653 forti

73 684 118 708 ac
135 671 247 719 virili,
268 684 344 709 non
363 674 410 709 ab
431 685 539 710 scena
558 680 595 710 et
612 672 869 719 histrionibus,
890 671 954 708 sed
977 671 1024 707 ab
1051 669 1180 715 armis,

74 732 141 761 aut
161 725 274 762 etiam
295 738 318 762 a
335 726 521 776 palaestra.
562 726 706 763 Manus
732 732 858 762 autem
883 724 1010 761 minus
1033 729 1181 772 arguta,

74 777 215 838 digitis
221 780 452 840 subsequens
471 780 598 826 verba,
619 791 694 816 non
718 778 954 828 exprimens.
985 775 1183 815 brachium

73 831 264 881 procerius
278 833 503 882 projectum,
519 832 626 883 quasi
641 832 834 883 quoddam
850 832 969 868 telum
983 829 1181 868 orationis:

73 885 266 934 supplosio
284 885 418 936 pedis
408 898 448 923 in
468 885 766 923 contentionibus
785 892 851 923 aut
872 883 1094 935 incipiendis
1118 888 1186 919 aut

74 937 260 979 finiendis.

125 991 229 1029 Sed
218 1004 258 1029 m
277 1004 340 1029 ore
359 998 447 1030 sunt
465 991 604 1030 omnia.
636 991 684 1029 In
703 1004 746 1029 eo
764 998 892 1029 autem
910 989 992 1041 ipso
1006 989 1180 1027 domina-

75 1051 138 1083 tus
157 1053 211 1082 est
229 1045 353 1083 omnis
371 1045 567 1084 oculorum
582 1058 594 1089 ς
624 1058 700 1095 quo
713 1045 850 1082 melius
864 1043 982 1082 nostri
996 1043 1052 1080 illi
1065 1055 1185 1089 senes,

75 1097 144 1149 qui
161 1106 403 1148 personatum
422 1111 470 1136 ne
489 1099 672 1136 Roscium
687 1098 842 1149 quidem
852 1109 1081 1148 magnopere
1099 1097 1183 1133 lau-

73 1151 226 1189 dabant.
255 1151 393 1189 Animi
411 1159 466 1190 est
485 1152 586 1190 enim
605 1152 728 1189 omnis
748 1152 844 1189 actio
862 1165 874 1197 3
904 1158 941 1188 et
960 1151 1087 1200 imago
1102 1149 1185 1186 ani-

75 1205 132 1242 mi
149 1205 278 1243 vultus
297 1212 366 1253 est,
385 1205 525 1243 indices
548 1206 670 1243 oculi:
701 1218 791 1242 nam
816 1205 897 1242 haec
923 1211 978 1242 est
1002 1216 1079 1240 una
1097 1215 1184 1253 pars

75 1258 252 1308 corporis,
274 1272 373 1310 quae,
394 1266 487 1310 quot
506 1259 624 1296 animi
642 1266 768 1297 motus
788 1265 889 1304 sunt,
918 1264 974 1296 tot
997 1256 1185 1306 significa-

76 1311 195 1350 tiones
214 1319 251 1349 et
275 1312 587 1350 commutationes
611 1312 729 1363 possit
754 1311 919 1349 efficere·
951 1322 1074 1361 neque
1097 1321 1185 1346 vero

79 1372 134 1402 est
153 1365 372 1416 quisquam,
400 1365 481 1416 qui,
503 1365 633 1403 eadem
654 1372 848 1412 contuens,
869 1363 1014 1402 efficiat.
1056 1362 1185 1400 Theo-

76 1417 252 1468 phrastus
272 1418 441 1469 quidem,
469 1418 697 1456 Tauriscum
715 1417 935 1478 quemdam,
956 1416 1066 1463 dixit,
1088 1422 1188 1454 acto-

76 1483 159 1508 rem
177 1484 350 1509 aversum
369 1471 522 1510 solitum
536 1484 612 1509 esse
624 1471 759 1517 dicere,
780 1471 847 1522 qui
865 1471 904 1508 in
924 1469 1083 1520 agendo,
1097 1481 1186 1507 con-

78 1531 189 1562 tuens
227 1525 386 1576 aliquid,
418 1525 689 1575 pronuntiaret.
731 1525 862 1572 Quare
898 1523 1095 1562 oculorum
1132 1529 1187 1560 est

76 1590 218 1628 magna
242 1578 474 1616 moderatio:
504 1591 595 1616 nam
623 1578 696 1616 oris
723 1590 799 1616 non
828 1584 883 1616 est
907 1577 1071 1614 nimium
1097 1588 1185 1612 mu-

76 1631 193 1670 tanda
211 1632 364 1682 species,
385 1644 432 1669 ne
458 1638 524 1669 aut
545 1632 594 1669 ad
612 1631 786 1682 ineptias,
806 1638 872 1668 aut
890 1630 939 1668 ad
956 1630 1182 1681 pravitatem

75 1684 260 1736 aliquam,
280 1685 506 1724 deferamur.
537 1684 653 1723 Oculi
665 1692 766 1732 sunt,
784 1697 948 1736 quorum
963 1691 1047 1721 tum
1061 1683 1185 1720 inten-

75 1738 192 1786 tione,
212 1745 296 1782 tum
314 1738 544 1786 remissione,
565 1745 648 1776 tum
667 1739 851 1787 conjectu,
873 1744 956 1775 tum
981 1736 1184 1783 hilaritate,

77 1798 206 1829 motus
223 1791 439 1830 animorum
459 1792 713 1842 significemus
732 1798 817 1842 apte
836 1802 923 1828 cum
943 1802 1078 1841 genere
1102 1789 1185 1839 ipso

76 1845 278 1882 orationis:
308 1852 363 1883 est
381 1845 482 1883 enim
508 1845 604 1883 actio
623 1845 731 1897 quasi
750 1857 871 1882 sermo
891 1843 1078 1893 corporis3
1109 1853 1186 1892 quo

77 1898 200 1948 magis
229 1899 349 1936 menti
377 1911 585 1949 congruens
612 1911 690 1936 esse
717 1898 838 1936 debet.
886 1897 1029 1935 Oculos
1057 1902 1186 1932 autem

77 1958 214 1989 natura
231 1952 353 1998 nobis,
374 1959 418 1990 ut
436 1965 533 2002 equo
552 1959 589 1990 et
612 1951 713 1990 leoni
738 1959 846 1999 setae,
868 1949 1042 1995 caudam,
1062 1960 1185 1995 aures,

76 2003 126 2040 ad
150 2011 276 2042 motus
301 2005 517 2044 animorum
543 2005 799 2051 declarandos,
828 2003 942 2041 dedit.
979 2000 1154 2048 Quare,
1143 2013 1184 2038 m

76 2055 148 2095 hac
165 2058 292 2096 nostra
314 2058 472 2107 actione,
499 2059 708 2097 secundum
734 2070 879 2104 vocem,
907 2055 1034 2094 vultus
1060 2055 1184 2092 valet:

74 2109 107 2150 is
125 2116 253 2149 autem
271 2112 389 2151 oculis
406 2114 652 2163 gubernatur.
689 2111 825 2161 Atque
851 2109 892 2147 in
920 2108 965 2147 iis
992 2107 1185 2154 omnibus,
