1429 2344
217 39 295 77 324
334 37 412 78 DE
441 37 737 87 οΒΑΤοΒΕ,
766 38 865 77 Lm.
886 37 969 77 111.
999 38 1103 77 cn.
1123 39 1189 77 32.

218 159 308 185 cum
327 146 551 198 Olympiam
580 146 753 195 venisset,
773 146 945 184 maxima
962 146 1030 184 ins
1048 142 1324 197 quinquennali

218 201 431 238 celebritate
456 200 650 248 ludorum,
679 200 860 250 gloriatus
887 208 956 247 cst,
976 199 1112 238 cuncta
1129 211 1237 250 paene
1254 211 1323 235 au-

218 253 344 291 diente
363 253 524 301 Graecia,
544 253 641 291 nihil
653 266 730 292 esse
744 254 825 292 ulla
842 254 882 291 in
901 261 979 292 arte
992 266 1119 292 rerum
1133 252 1322 298 omnium,

217 307 321 358 quod
339 307 419 357 ipse
432 307 613 352 nesciret;
643 319 712 345 nec
726 308 849 345 solum
863 307 931 345 has
945 314 1055 355 artes,
1072 306 1211 358 quibus
1228 305 1324 342 libe-

216 361 313 398 rales
332 360 510 398 doctrinae
528 368 642 411 atque
659 361 835 411 ingenuae
853 361 1144 407 continerentur,
1171 371 1324 410 geome-

216 414 344 462 triam,
360 414 559 460 musicam,
572 414 768 452 literarum
783 414 1048 465 cognitionem,
1062 421 1098 452 et
1109 417 1322 464 po'e‘tarum,

217 474 332 518 atque
350 467 430 515 illa,
454 481 540 519 quae
565 468 612 505 de
630 468 774 505 naturis
792 480 933 514 rerum,
953 480 1039 518 quae
1057 467 1103 504 de
1121 466 1323 504 hominum

216 521 401 569 moribus,
422 535 508 572 quae
526 521 573 558 de
600 521 874 572 rebuspublicis
901 521 1137 565 dicerentur;
1167 519 1232 558 sed
1254 531 1322 557 an-

216 575 370 623 nulum,
392 587 507 625 quem
524 575 693 622 haberet,
713 575 889 625 pallium,
903 587 980 626 quo
998 574 1171 621 amictus,
1185 586 1322 620 soccos,

216 628 356 679 quibus
374 628 531 666 indutus
551 635 658 676 esset,
679 641 717 666 se
735 629 805 666 sua
822 641 939 666 manu
959 627 1170 666 confecisse.
1213 627 1323 665 Seili-

215 690 274 720 cet
292 682 406 719 nimis
423 682 485 720 hic
505 681 660 734 quidem
680 690 734 720 est
751 695 968 732 progressus
984 696 994 719 :
1025 681 1090 719 sed
1109 693 1156 718 ex
1175 693 1219 718 eo
1240 680 1324 731 ipso

215 743 271 773 est
298 736 511 784 conjectura
535 735 668 782 facilis,
696 743 884 787 quantum
910 735 983 773 sibi
997 735 1055 772 iJli
1072 734 1145 785 ipsi
1163 741 1325 772 oratores

215 789 262 827 de
280 789 573 840 praeclarissimis
593 789 736 826 artibus
755 789 993 840 appetierint,
1014 788 1082 839 qui
1099 801 1146 825 ne
1165 787 1324 826 sordidi-

215 855 296 880 ores
328 843 484 894 quidem
515 842 761 893 repudiarint.
803 843 911 890 Quid
942 842 989 880 de
1019 842 1180 880 Prodico
1210 841 1322 888 Chio,

214 895 309 947 quid
340 896 387 934 de
419 896 707 947 Thrasymacho
737 895 1004 941 Chalcedonio,
1032 895 1079 934 de
1115 895 1324 946 Protagora

214 949 417 998 Abderita,
437 951 606 1001 loquar?
640 963 803 1001 quorum
824 950 1086 1001 unusquisque
1109 949 1323 1000 plurimum

214 1004 449 1054 temporibus
467 1004 556 1050 illis,
577 1003 691 1040 etiam
710 1003 756 1040 de
774 1004 912 1041 natura
929 1016 1071 1051 rerum,
1095 1010 1132 1040 et
1151 1003 1325 1040 disseruit

215 1063 253 1094 et
275 1057 432 1108 scripsit.
474 1057 563 1108 Ipse
580 1056 645 1094 ille
665 1057 875 1094 Leontinus
895 1057 1070 1107 Gorgias,
1096 1069 1174 1107 quo
1197 1064 1324 1107 patro-

214 1123 265 1148 no
299 1113 359 1153 (ut
392 1110 503 1148 Plato
535 1110 672 1157 voluit)
706 1110 930 1161 philosopho
959 1110 1158 1148 succubuit
1184 1117 1322 1158 orator,

214 1164 283 1216 qui
310 1171 377 1202 aut
408 1177 485 1202 non
516 1171 571 1202 est
600 1164 720 1202 victus
751 1177 924 1215 unquam
953 1177 977 1202 a
1008 1164 1173 1213 Socrate,
1200 1176 1324 1215 neque

213 1231 339 1256 sermo
370 1218 436 1256 ine
469 1216 640 1255 Platonis
672 1231 782 1255 verus
813 1225 892 1264 est;
922 1224 1002 1265 aut,
1034 1217 1065 1255 si
1097 1224 1152 1255 est
1184 1218 1319 1266 victus,

215 1271 450 1323 eloquentior
468 1271 640 1309 videlicet
658 1270 732 1309 fuit
751 1278 788 1309 et
805 1271 976 1310 disertior
995 1271 1177 1319 Socrates,
1202 1278 1251 1319 et,
1278 1278 1323 1309 ut

214 1331 259 1362 tu
284 1325 467 1376 appellas,
495 1325 678 1375 copiosior
703 1332 739 1362 et
764 1325 898 1362 melior
922 1332 1057 1363 orator.
1087 1324 1162 1363 Sed
1178 1324 1254 1373 hic,
1281 1324 1323 1362 in

213 1379 282 1416 illo
307 1379 389 1430 ipso
416 1378 588 1416 Platonis
614 1378 725 1427 libro,
746 1378 793 1416 de
811 1378 917 1416 omni
934 1392 988 1427 re,
1009 1391 1261 1430 quaecumque
1282 1378 1324 1416 in

213 1432 523 1484 disceptationem
549 1432 872 1484 quaestionemque
895 1440 1104 1481 vocaretur,
1131 1445 1170 1470 se
1197 1432 1323 1484 copio-

213 1487 359 1524 sissime
385 1486 577 1525 dicturum
603 1499 682 1524 esse
705 1487 927 1536 profitetur;
955 1486 1063 1538 isque
1081 1486 1256 1538 princeps
1274 1499 1323 1524 ex

213 1540 393 1578 omnibus
419 1553 534 1578 ausus
561 1547 616 1578 est
641 1540 682 1577 in
708 1547 894 1578 conventu
919 1552 1084 1591 poscere,
1111 1540 1189 1591 qua
1213 1540 1261 1578 de
1281 1553 1322 1578 re

214 1593 377 1645 quisque
395 1594 508 1632 vellet
526 1593 681 1631 audire:
711 1594 773 1631 cui
798 1601 926 1631 tantus
951 1594 1071 1632 honos
1093 1593 1247 1632 habitus
1266 1600 1322 1631 est

213 1660 238 1684 a
257 1647 419 1695 Graecia,
440 1647 510 1685 soli
528 1654 572 1685 ut
591 1660 638 1685 ex
657 1647 849 1696 omnibus,
869 1647 1046 1698 Delphis,
1059 1660 1136 1685 non
1149 1647 1323 1685 inaurata

213 1707 351 1749 statua,
372 1700 437 1739 sed
455 1713 582 1748 aurea,
603 1707 839 1738 statueretur.
868 1701 1002 1752 Atque
1019 1701 1061 1748 ii,
1081 1713 1176 1752 quos
1197 1701 1322 1738 nomi-

213 1755 316 1804 navi,
336 1754 526 1805 multique
540 1761 720 1805 praeterea
733 1754 875 1792 summi
889 1754 1038 1792 dicendi
1049 1761 1231 1802 auctores,
1243 1767 1322 1792 uno

211 1814 382 1859 tempore
405 1807 587 1845 fuerunt:
619 1820 667 1846 ex
689 1807 828 1858 quibus
853 1807 1015 1858 intelligi
1037 1814 1174 1858 potest,
1201 1807 1255 1846 ita
1283 1820 1323 1846 se

209 1875 292 1899 rem
305 1861 458 1909 habere,
478 1868 523 1898 ut
540 1867 597 1909 tu,
620 1860 766 1909 Crasse,
787 1860 903 1907 dicis;
933 1861 1164 1912 oratorisque
1182 1873 1322 1900 nomen

209 1915 314 1966 apud
333 1915 522 1966 antiquos,
542 1914 583 1952 in
603 1913 764 1963 Graeci‘a,
785 1915 931 1963 majore
948 1914 1116 1966 quadam
1136 1915 1196 1953 vel
1214 1914 1323 1966 copia

209 1970 271 2007 vel
284 1969 406 2020 gloria
419 1968 598 2007 floruisse.
629 1968 720 2015 Quo
735 1967 891 2020 quidem
904 1968 1027 2019 magis
1039 1968 1185 2016 dubito,
1202 1968 1321 2006 tibine

208 2023 297 2074 plus
315 2023 454 2070 laudis,
480 2033 530 2060 an
557 2022 699 2060 Graecis
723 2022 1023 2072 vituperationis,
1049 2035 1127 2060 esse
1151 2022 1321 2060 tribuen-

209 2076 305 2114 dum
327 2083 521 2121 statuam3
552 2088 640 2114 cum
667 2083 723 2122 tu,
752 2076 792 2113 in
821 2076 896 2113 alia
921 2075 1056 2126 lingua
1082 2089 1126 2114 ac
1152 2075 1324 2114 moribus

209 2138 334 2180 natus,
348 2129 635 2182 occupatissima
653 2129 693 2168 in
713 2129 876 2179 civitate,
896 2130 956 2168 vel
981 2129 1216 2182 privatorum
1228 2142 1322 2181 neg-
