1407 2324
164 76 242 117 DE
261 73 461 118 CLARIS
479 75 867 125 ORATORIBUS‚
887 75 993 115 CAP.
1013 76 1079 115 83.
1108 76 1188 115 433

85 182 167 230 lita,
197 182 292 222 dum
321 184 480 232 urbana,
512 183 606 222 dum
636 183 799 234 elegans,
830 183 870 221 in
900 183 1030 222 Attico
1055 195 1191 234 genere

83 236 216 288 ponit;
237 238 308 276 hoc
325 246 422 276 recte
440 238 627 276 duntaxat
642 251 652 274 ε
683 237 760 285 sed,
781 237 871 288 quia
886 245 973 275 sunt
990 238 1029 274 in
1049 237 1190 275 Atticis

83 290 158 328 alia
176 291 344 339 meliora,
365 291 502 338 videat,
523 304 571 329 ne
588 291 734 341 ignoret
753 297 789 328 et
803 291 954 341 gradus,
975 298 1012 328 et
1026 290 1190 328 dissimi-

83 343 277 392 litudines,
298 352 334 382 et
353 345 446 392 vim,
473 351 510 382 et
528 345 745 382 varietatem
773 344 1004 382 Atticorum.
1036 347 1063 366 “
1083 344 1191 381 Atti-

83 398 189 445 cos,''
216 397 354 449 inquit,
386 401 413 420 “·
435 399 519 435 volo
538 397 718 434 imitari.''
747 397 888 444 Quos?
918 410 985 434 nec
1011 397 1109 434 enim
1136 405 1192 434 est

81 462 206 488 unum
235 463 366 502 genus.
408 451 513 489 Nam
544 451 636 502 quid
662 456 717 488 est
743 457 823 487 tam
850 450 1044 497 dissimile,
1072 462 1189 501 quam

82 502 358 542 Demosthenes
371 511 407 542 et
427 504 560 555 Lysias
578 506 594 542 ?
624 516 739 555 quam
755 503 855 541 idem
883 511 920 541 et
941 504 1154 554 Hyperides
1170 505 1189 541 ἶ)

80 570 199 608 quam
218 557 391 595 omnium
409 557 547 594 horum
562 557 792 595 AEschines?
823 557 951 604 Quem
970 557 1085 608 igitur
1099 557 1189 593 imi-

81 610 172 648 taris
189 613 206 649 ?
236 611 277 649 Si
295 611 476 662 aliquem,
498 610 619 648 caeteri
638 623 725 661 ergo
744 610 873 648 Attice
899 623 973 648 non
1001 610 1188 648 dicebant.

81 663 124 702 Si
142 676 298 709 omnes;
328 665 395 715 qui
414 671 534 715 potes,
551 676 638 702 cum
657 664 732 700 sint
749 663 821 713 ipsi
836 663 1078 701 dissimillimi
1092 663 1192 701 inter

82 719 150 755 se?
180 717 229 754 In
249 730 325 768 quo
343 717 456 755 etiarn
475 717 572 755 illud
587 729 728 767 quaero,
743 716 950 754 Phalereus
968 717 1032 754 ille
1046 716 1190 754 Deme-

81 769 177 808 trius
199 770 376 808 Atticene
399 770 568 808 dixerit?
598 770 704 808 Mihi
729 769 884 820 quidem
911 782 958 808 ex
980 770 1083 807 illius
1106 782 1191 807 ora-

80 822 246 862 tionibus
261 823 425 861 redolere
439 823 529 874 ipsae
544 823 711 860 Athenae
728 822 915 860 videntur.
943 823 1002 860 At
1020 830 1074 860 est
1088 822 1193 860 flori-

81 875 178 923 dior,
199 883 243 914 ut
265 876 320 914 ita
345 877 482 925 dicam,
509 889 626 927 quam
646 875 874 926 Hyperides,
903 888 1019 926 quam
1040 875 1188 927 Lysias.

80 928 234 967 Natura
252 929 442 980 quaedam,
463 936 529 967 aut
548 929 722 966 voluntas
741 928 794 965 ita
812 928 961 966 dicendi
979 929 1063 966 fuit.

134 982 381 1021 LXXXIII.
422 981 477 1020 Et
506 981 660 1033 quidem
691 982 767 1019 duo
797 981 953 1020 fuerunt
985 995 1053 1033 per
1083 981 1187 1020 idem

78 1041 230 1087 tempus
247 1035 444 1073 dissimiles
462 1034 559 1073 inter
577 1047 640 1080 seg
670 1034 734 1072 sed
753 1034 875 1072 Attici
899 1042 1027 1073 tamen
1045 1049 1055 1073 ι
1091 1048 1187 1086 quo-

78 1100 167 1127 rum
186 1088 380 1128 Charisius
394 1087 555 1138 [multas
568 1088 773 1139 orationes]
791 1088 973 1127 scribebat
987 1088 1083 1135 aliis,
1097 1101 1186 1127 cum

77 1154 215 1193 cupere
267 1141 456 1180 videretur
500 1141 641 1179 imitari
690 1141 847 1192 Lysiam
868 1156 881 1187 ς
928 1142 1184 1180 Demochares

78 1201 222 1244 autem,
254 1195 322 1247 qui
347 1194 423 1233 fuit
445 1194 713 1233 Demosthenis
742 1195 873 1232 sororis
902 1195 1015 1242 filius,
1038 1202 1074 1233 et
1102 1207 1186 1233 ora-

78 1248 198 1286 tiones
225 1248 371 1299 scripsit
394 1248 563 1308 aliquot,
551 1262 562 1272 ·
593 1254 630 1285 et
657 1259 787 1285 earum
817 1261 943 1286 rerum
972 1247 1184 1292 historiam,

78 1314 167 1352 quae
191 1310 296 1340 eran
323 1301 512 1339 Athenis'
502 1301 622 1352 ipsius
648 1308 756 1338 aetate
782 1308 910 1351 gestae,
930 1313 1006 1338 non
1025 1308 1104 1339 tam
1127 1301 1188 1338 hi-

78 1354 213 1392 storico
232 1367 348 1406 quam
366 1354 527 1392 oratorio
545 1366 680 1405 genere
695 1354 920 1405 perscripsit.
950 1354 1006 1392 At
1024 1354 1188 1393 Charisii

78 1408 163 1445 vult
182 1407 367 1458 Hegesias
390 1420 469 1445 esse
496 1407 653 1453 similis3
683 1406 791 1458 isque
818 1420 856 1445 se
880 1407 934 1445 ita
952 1414 1062 1460 putat
1079 1407 1188 1445 Atti-

78 1472 182 1508 cum,
202 1468 247 1499 ut
264 1473 369 1499 veros
389 1460 474 1498 illos
491 1473 569 1511 prae
588 1473 626 1498 se
643 1472 751 1512 paene
780 1468 942 1511 agrestes
969 1467 1088 1513 putet.
1127 1460 1187 1499 At

78 1513 173 1564 quid
191 1521 246 1552 est
276 1520 355 1552 tam
382 1513 560 1561 fractum,
579 1519 659 1551 tam
687 1513 897 1561 minutum,
920 1520 1000 1552 tarn
1031 1514 1072 1552 in
1102 1513 1187 1565 ipsa

79 1569 214 1618 (quam
232 1574 360 1606 tamen
375 1566 631 1619 consequitur)
649 1566 898 1606 concinnitate
911 1567 1055 1619 puerile
1071 1569 1088 1606 ’ἓ
1107 1572 1186 1605 At-

78 1619 238 1659 ticorum
258 1620 398 1659 similes
416 1632 494 1658 esse
512 1620 701 1659 volumus.
742 1619 913 1672 Optime.
941 1622 1088 1660 Suntne
1111 1620 1184 1671 igi-

78 1679 143 1711 tur
172 1673 201 1710 ii
230 1673 349 1712 Attici
376 1673 566 1712 oratores?
602 1672 701 1721 Quis
736 1685 874 1734 negare
905 1674 1059 1725 potest?
1098 1673 1183 1712 Hos

78 1725 286 1765 imitamur.
315 1726 533 1775 Quomodo,
559 1726 625 1778 qui
643 1733 732 1765 sunt
751 1733 788 1765 et
805 1727 902 1766 inter
920 1740 959 1766 se
972 1727 1184 1774 dissimiles,

79 1785 118 1817 et
146 1779 306 1818 aliorum
320 1783 338 1819 ἲ
367 1780 646 1831 Thucydidem,
678 1779 817 1832 inquit,
850 1780 1058 1819 imitamur.
1099 1779 1186 1831 Op-

80 1831 186 1881 fitne,
207 1833 238 1872 si
254 1833 446 1872 historiam
468 1833 640 1894 scribere,
659 1846 736 1872 non
755 1833 787 1872 si
812 1846 942 1872 causas
961 1834 1095 1881 dicere,
1124 1845 1187 1871 co-

79 1884 218 1935 gitatis.
258 1885 499 1938 Thucydides
521 1886 622 1925 enim
650 1899 777 1925 rerum
804 1894 997 1937 gestarum
1016 1897 1187 1938 pronun-

78 1937 190 1978 tiator
217 1939 395 1989 sincerus,
421 1947 458 1979 et
482 1939 635 1991 grandis
664 1940 778 1978 etiam
805 1940 905 1978 fuit:
935 1940 1006 1978 hoc
1023 1939 1183 1987 forense,

77 1993 400 2051 concertatorium,
417 1993 611 2043 judiciale,
630 2005 707 2032 11011
725 1992 897 2032 tractavit
921 2005 1054 2044 3311113.
1084 1991 1186 2031 013-

76 2042 197 2084 tiones
220 2052 361 2093 autern,
381 2059 476 2098 quas
503 2046 742 2098 interposuit,
762 2046 913 2090 (multae
942 2046 1043 2084 enim
1075 2043 1183 2095 sunt)

76 2109 233 2149 333330
250 2098 404 2137 laudare
431 2099 554 2145 3013ος
585 2099 725 2138 imitari
743 2111 866 2151 neque
894 2098 1050 2151 possim,
1071 2098 1102 2137 31
1120 2110 1185 2136 ve-

76 2148 159 2198 lim,
186 2163 254 2190 nec
271 2151 385 2190 velim
402 2151 574 2201 fortasse,
593 2152 625 2192 31
642 2152 797 2206 possim.
837 2152 909 2199 Ut,
938 2152 969 2191 si
996 2152 1083 2205 quis
1109 2151 1186 2191 Fa-

160 2204 360 2256 (Rhetor.)
379 2215 537 2246 v01..1.
845 2207 871 2244 2
889 2216 915 2245 1’
