1429 2344
150 106 225 144 126
326 105 404 144 DE
424 105 722 155 οΗΑΤοΒΕ,
754 106 853 144 Lm.
876 108 911 144 1.
941 108 1046 145 CAP.
1066 108 1103 144 4.

146 213 350 253 henderit?
392 214 493 252 Vere
520 213 617 250 mihi
642 212 714 251 hoc
738 212 866 251 videor
894 226 975 252 esse
1004 213 1185 261 dicturus,
1216 228 1265 254 ex

146 268 325 306 omnibus
349 267 409 315 iis,
430 267 498 318 qui
516 266 556 304 in
574 267 713 304 harum
732 266 873 304 artium
898 267 1032 305 studiis
1050 267 1264 307 liberalissi-

146 321 220 359 mis
235 322 310 359 sint
328 321 583 371 doctrinisque
608 320 758 368 versati,
779 320 981 358 minimam
1001 320 1149 371 copiam
1175 325 1265 373 poe'-

147 382 273 413 tarum
295 374 532 436 egregiorum
561 374 756 412 exstitisse.
791 373 954 425 Atque
944 386 985 411 m
1003 374 1103 412 hoc
1093 387 1177 425 ipso
1191 388 1265 413 nu-

146 441 266 476 mero,
298 429 337 466 in
369 441 445 479 quo
476 441 627 479 perraro
656 428 823 466 exoritur
848 427 986 478 aliquis
1014 429 1213 476 excellens,
1234 428 1266 467 si

146 481 346 532 diligenter
376 489 413 520 et
444 494 492 519 ex
522 489 737 519 nostrorum
767 488 804 519 et
833 494 881 518 ex
909 481 1131 519 Graecorum
1161 482 1268 533 copia

147 548 366 586 comparare
397 535 513 582 voles,
543 536 667 572 multo
699 541 829 572 tamen
859 534 1053 586 pauciores
1087 542 1265 579 oratores,

147 602 266 639 quam
284 593 407 640 poe'tae
420 589 525 635 boni,
547 588 792 640 reperientur.
825 588 942 636 Quod
960 588 1032 626 hoc
1054 588 1170 626 etiam
1193 589 1268 627 mi-

146 643 303 680 rabilius
329 643 442 680 debet
460 642 592 690 videri,
625 642 716 693 quia
734 649 955 680 caeterarum
974 641 1115 679 artium
1145 642 1270 681 studia

147 695 225 734 fere
250 697 450 735 reconditis
478 704 594 747 atque
623 695 760 734 abditis
780 709 800 734 e
825 695 994 733 fontibus
1013 695 1267 742 hauriuntur;

146 749 296 788 dicendi
315 758 443 788 autem
463 750 587 788 omnis
605 750 701 787 ratio
719 750 759 786 in
774 749 900 787 medio
918 748 1055 800 posita,
1076 750 1271 787 cormnuni

148 804 316 853 quodam
335 804 374 841 in
394 818 481 852 usu,
503 810 618 855 atque
636 803 677 840 in
695 803 898 841 hominum
917 815 1023 840 more
1044 809 1081 840 et
1099 816 1270 842 sermone

148 866 318 896 versatur
333 872 344 904 3
367 865 410 896 ut
424 858 464 896 in
484 857 626 895 caeteris
637 857 677 894 id
691 857 860 894 maxime
879 857 1052 904 excellat,
1070 857 1173 907 quod.
1186 857 1269 895 lon-

146 911 300 960 gissime
333 911 380 949 sit
410 914 458 950 ab
495 911 761 962 imperitorum
794 909 1047 960 intelligentia
1080 923 1267 962 sensuque

146 964 396 1014 disjunctum,
421 965 461 1002 in
481 965 640 1002 dicendo
659 971 789 1002 autem
817 964 954 1002 vitium
973 964 1034 1002 vel
1051 964 1268 1003 maximum

147 1018 195 1055 sit
214 1032 236 1056 a
262 1019 411 1069 vulgari
440 1031 577 1069 genere
607 1018 785 1056 orationis
810 1025 925 1069 atque
954 1030 978 1055 a
997 1018 1268 1056 consuetudine

146 1073 360 1110 communis
380 1076 507 1111 sensns
527 1072 739 1111 abhorrere.

203 1126 278 1165 IV.
308 1127 371 1164 Ac
390 1139 438 1164 ne
456 1126 553 1164 illud
572 1125 728 1177 quidem
744 1138 829 1164 vere
847 1125 921 1164 dici
939 1131 1075 1176 potest,
1096 1132 1163 1164 aut
1181 1126 1267 1177 plu-

147 1193 205 1218 res
220 1181 362 1218 caeteris
381 1180 525 1218 artibus
548 1180 740 1227 inservire,
762 1186 829 1217 aut
842 1180 986 1228 majore
1005 1179 1264 1228 delectatione,

148 1242 215 1271 aut
235 1248 301 1285 spe
319 1234 504 1282 uberiore,
526 1241 592 1271 aut
616 1233 783 1284 praemiis
808 1233 857 1270 ad
874 1232 1167 1284 perdiscendum
1185 1246 1266 1272 am-

147 1287 332 1338 plioribus
357 1287 598 1326 commoveri.
639 1287 787 1338 Atque,
807 1294 852 1324 ut
870 1286 1046 1324 omittam
1062 1286 1264 1337 Graeciam,

147 1355 234 1391 quae
260 1355 408 1403 semper
434 1341 658 1392 eloquentiae
676 1341 850 1392 princeps
881 1353 959 1378 esse
989 1340 1122 1388 voluit,
1153 1348 1267 1392 atque

146 1394 231 1432 illas
260 1396 435 1433 omnium
468 1395 725 1433 doctrinarum
756 1394 980 1432 inventrices
1006 1393 1197 1442 Athenas,
1226 1395 1266 1433 in

146 1449 286 1499 quibus
302 1462 454 1487 sunnna
472 1449 622 1487 dicendi
636 1448 691 1487 vis
710 1455 747 1486 et
770 1448 926 1486 inventa
944 1454 999 1486 est
1017 1455 1054 1486 et
1071 1447 1261 1498 perfecta;

146 1502 186 1540 in
214 1503 285 1541 hac
311 1503 394 1554 ipsa
423 1502 586 1551 civitate,
613 1502 795 1554 profecto,
815 1502 924 1539 nulla
951 1513 1125 1552 unquam
1153 1501 1264 1541 vehe-

144 1557 311 1594 mentius
337 1569 455 1608 quam
481 1556 705 1608 eloquentiae
733 1555 858 1594 studia
882 1555 1098 1606 viguerunt.
1154 1556 1261 1595 Nam

143 1618 406 1661 posteaquam,
435 1610 595 1661 imperio
624 1610 800 1648 omnium
835 1608 1008 1660 gentium
1041 1609 1258 1658 constituto,

143 1663 372 1701 diuturnitas
387 1664 489 1715 pacis
503 1663 625 1702 otium
644 1663 895 1711 confirmavit,
911 1675 1025 1701 nemo
1043 1662 1121 1701 fere
1133 1663 1257 1702 laudis

143 1717 304 1768 cupidus
340 1717 554 1756 adolescens
590 1730 667 1756 non
704 1717 776 1755 sibi
811 1717 862 1754 ad
895 1716 1099 1754 dicendum
1131 1717 1257 1755 studio

142 1771 249 1809 omni
267 1771 488 1809 enitendum
506 1772 667 1822 putavit.
722 1771 785 1809 Ac
806 1771 930 1821 primo
949 1769 1120 1821 quidem,
1140 1770 1256 1809 totius

146 1825 300 1862 rationis
314 1824 450 1874 ignari,
471 1825 539 1876 qui
557 1837 681 1876 neque
704 1823 978 1862 exercitationis
995 1823 1117 1861 ullam
1135 1823 1253 1874 viam,

143 1891 268 1930 neque
293 1878 448 1929 aliquod
473 1887 706 1929 praeceptum
737 1878 827 1916 artis
854 1890 932 1915 esse
968 1877 1254 1927 arbitrarentur,

142 1939 308 1980 tantum,
342 1939 530 1983 quantum
559 1932 712 1983 ingenio
745 1938 782 1970 et
817 1930 1042 1981 cogitatione
1066 1938 1253 1982 poterant,

142 1988 479 2037 consequebantur.
509 1986 601 2024 Post
615 1993 758 2033 autem,
774 1984 912 2023 auditis
924 1984 1133 2022 oratoribus
1149 1985 1258 2023 Grae--

142 2040 209 2087 cis,
240 2039 474 2090 cognitisque
499 2052 630 2077 eorum
659 2039 790 2086 literis,
822 2037 1076 2089 adhibitisque
1097 2037 1259 2076 doctori·

143 2095 229 2139 bus,
260 2093 470 2131 incredibili
489 2093 656 2145 quodam
681 2092 797 2131 nostri
816 2091 988 2130 homines
1010 2091 1159 2130 (licendi
1176 2100 1256 2130 stu-

142 2147 205 2184 dio
224 2147 488 2197 flagraverunt.
530 2147 734 2185 Excitabat
754 2159 815 2185 eos
832 2145 1057 2197 magnitudo
1082 2152 1119 2184 et
1137 2146 1256 2184 varie·

142 2208 213 2249 tas,
245 2201 527 2253 multitudoque
557 2201 597 2241 in
617 2201 721 2241 omni
739 2213 875 2252 genere
893 2212 1107 2250 causarum,
1136 2199 1256 2239 utml
