1429 2344
202 61 277 100 108
304 59 381 99 DE
402 58 789 110 INVENTIONE,
810 59 909 98 Lm.
926 59 984 99 11.
1006 59 1109 100 CAP.
1125 60 1189 105 47.

195 169 236 206 in
264 181 305 207 re
332 180 409 206 non
437 167 722 218 diligentissime
745 167 822 218 legi
846 169 1126 219 obtemperare:
1156 173 1222 206 aut
1247 167 1301 205 ita

195 223 260 260 lex
278 222 476 272 diligenter
494 222 698 272 perscripta
715 221 1045 270 demonstrabitur,
1070 222 1124 259 ita
1142 229 1297 259 cautum

196 275 429 326 unaquaque
444 275 490 313 de
508 288 561 323 re,
581 275 648 322 ita,
668 275 770 326 quod
784 275 1002 326 oportuerit,
1023 282 1238 326 exceptum,
1254 282 1299 312 ut

195 329 355 366 minime
374 329 570 366 conveniat
587 329 798 379 quidquam
823 329 863 366 in
889 336 967 366 tam
992 329 1164 379 diligenti
1183 329 1298 379 scrip-

195 382 282 420 tura
306 382 538 433 praeteritum
563 382 745 419 arbitrari.
791 381 945 420 Tertius
966 382 1070 420 locus
1089 390 1144 420 est
1162 383 1209 430 ei,
1230 382 1298 433 qui

193 448 263 486 pro
282 436 418 486 scripto
437 435 547 483 dicet,
567 436 734 473 maxime
752 435 992 482 necessarius,
1018 448 1085 486 per
1103 448 1219 487 quem
1237 448 1297 473 os-

192 488 323 526 tendat
347 496 505 539 oportet,
534 489 564 526 si
583 489 779 526 conveniat
797 501 948 526 causam
967 496 1096 526 contra
1113 489 1294 539 scriptum

191 542 324 592 accipi,
355 555 439 581 eam
457 549 585 580 tamen
603 542 761 580 minime
786 549 968 593 oportere,
995 555 1081 593 quae
1099 544 1146 580 ab
1165 542 1297 580 adver-

192 595 297 634 sariis
322 595 509 634 afferatur.
546 595 627 642 Qui
652 596 755 633 locus
780 595 918 634 idcirco
943 602 998 633 est
1021 595 1111 633 huic
1129 608 1296 633 necessa-

191 649 284 696 rius,
325 649 428 700 quod
460 662 606 699 semper
637 649 682 696 is,
718 649 785 700 qui
816 655 945 686 contra
976 648 1157 699 scriptum
1189 649 1293 698 dicit,

190 702 377 754 aequitatis
406 702 551 753 aliquid
576 702 705 740 afferat
730 710 897 753 oportet:
928 714 1018 739 nam
1048 715 1199 740 summa
1222 703 1297 740 im-

188 756 371 806 pudentia
383 755 442 803 sit,
458 769 559 803 eum,
576 756 657 806 qui,
675 763 802 793 contra
819 754 976 806 [quam]
994 755 1096 806 quod
1111 756 1293 806 scriptum

189 809 252 856 sit,
281 809 426 860 aliquid
444 811 600 859 probare
619 809 722 855 velit,
750 821 825 846 non
853 809 1038 859 aequitatis
1064 809 1237 860 praesidio
1254 809 1295 847 id

187 862 310 901 facere
335 863 471 900 conari.
513 863 555 901 Si
580 862 674 914 quid
697 862 813 912 igitur
835 875 882 900 ex
900 862 971 900 hac
988 862 1071 913 ipsa
1096 863 1294 914 quidpiam

188 922 380 954 accusator
398 916 563 966 deroget,
590 915 767 954 omnibus
790 916 961 966 partibus
983 915 1122 964 justius
1147 923 1184 954 et
1207 929 1295 967 pro.

188 969 352 1007 babilius
371 982 542 1007 accusare
561 969 742 1007 videatur.
771 970 878 1007 Nam
897 969 1066 1020 superior
1084 970 1201 1007 oratio
1223 970 1295 1009 hoc

188 1023 312 1061 omnis
337 1023 512 1069 faciebat,
538 1023 596 1060 uti
611 1022 768 1071 judices,
796 1022 943 1060 etiamsi
968 1022 1125 1070 nollent,
1146 1035 1294 1062 necesse

189 1083 308 1121 esset3
337 1076 418 1115 haec
436 1083 578 1123 autem,
599 1076 746 1113 etiamsi
763 1088 911 1113 necesse
929 1088 1006 1113 non
1025 1083 1133 1123 esset,
1153 1083 1197 1113 ut
1215 1077 1293 1115 vel-

187 1129 281 1176 lent,
311 1137 439 1168 contra
464 1130 644 1178 judicare.
694 1129 743 1166 Id
767 1137 895 1167 autem
920 1130 999 1177 fiet,
1020 1129 1064 1177 si,
1085 1130 1224 1180 quibus
1244 1142 1292 1169 ex

185 1182 276 1221 locis
304 1183 416 1233 culpa
438 1183 755 1221 demonstrabitur
773 1195 850 1220 non
870 1195 947 1220 esse
964 1183 1004 1220 in
1023 1195 1080 1230 eo,
1101 1183 1168 1233 qui
1187 1196 1289 1222 com-

183 1236 390 1287 paratione,
412 1244 478 1274 aut
497 1238 715 1284 remotione,
738 1244 805 1273 aut
823 1237 1003 1274 relatione
1021 1237 1201 1284 criminis,
1221 1244 1288 1275 aut

184 1290 429 1328 concessionis
443 1290 612 1340 partibus
632 1303 670 1327 se
684 1290 863 1336 defendit,
887 1289 949 1332 (de
964 1290 1102 1341 quibus
1122 1298 1222 1338 ante,
1243 1298 1286 1328 ut

183 1343 392 1394 potuimus,
432 1344 630 1393 diligenter
665 1343 966 1393 perscripsimus)
1003 1343 1050 1380 de
1085 1343 1144 1382 his
1180 1344 1284 1392 locis,

182 1409 270 1447 quae
296 1410 354 1434 res
381 1397 599 1447 postulabit,
628 1397 677 1434 ad
707 1410 859 1434 causam
888 1396 1185 1435 adversariorum
1213 1397 1287 1435 im-

180 1450 417 1500 probandam
436 1450 728 1495 transferemus;
757 1457 823 1487 aut
847 1463 969 1488 causae
994 1457 1030 1488 et
1047 1450 1208 1489 rationes
1226 1451 1282 1488 af-

179 1503 360 1551 ferentur,
382 1517 510 1554 quare,
532 1512 568 1541 et
587 1517 662 1555 quo
681 1503 848 1551 consilio,
869 1504 922 1542 ita
940 1503 988 1541 sit
1004 1504 1045 1541 in
1062 1504 1146 1554 lege
1164 1512 1230 1542 aut
1243 1504 1284 1542 in

179 1563 402 1598 testamento
426 1557 632 1607 scriptum3
662 1564 705 1594 ut
724 1557 907 1595 sententia
925 1570 1076 1608 quoque
1095 1564 1132 1595 et
1149 1558 1283 1596 volun-

178 1616 255 1649 tate
274 1610 474 1660 scriptoris,
495 1623 571 1648 non
590 1611 673 1661 ipsa
692 1611 816 1648 solum
835 1611 1028 1661 scripturae
1046 1610 1173 1659 causa,
1193 1623 1282 1649 con-

177 1662 373 1705 firmatum
399 1676 476 1701 esse
502 1663 694 1701 videatur:
725 1671 792 1701 aut
816 1664 900 1701 aliis
925 1676 1077 1715 quoque
1101 1664 1282 1702 constitu-

176 1715 342 1756 tionibus
360 1717 504 1754 factum
523 1724 756 1768 coarguetur.

228 1768 408 1810 XLVII.
439 1768 579 1808 Contra
606 1770 787 1820 scriptum
814 1777 942 1807 autem
969 1769 1035 1821 qui
1058 1769 1172 1818 dicet,
1200 1771 1278 1821 pri-

171 1834 282 1864 mum
302 1835 390 1864 eum
408 1823 560 1861 inducet
577 1823 718 1869 locum,
738 1836 806 1874 per
831 1836 946 1874 quem
972 1823 1128 1874 aequitas
1153 1836 1276 1862 causae

171 1875 471 1914 demonstretur:
502 1884 568 1914 aut
592 1876 774 1925 ostendet,
806 1889 882 1927 quo
906 1876 1048 1924 animo,
1080 1889 1156 1928 quo
1185 1890 1274 1915 con-

171 1928 268 1977 silio,
289 1930 367 1980 qua
381 1930 427 1967 de
445 1929 558 1967 causa
575 1930 726 1968 fecerit:
756 1937 806 1978 et,
826 1941 1108 1980 quamcumque
1122 1942 1275 1969 causam

170 1990 349 2031 assumet,
365 1983 603 2021 assumtionis
621 1983 792 2034 partibus
810 1996 848 2020 se
866 1982 1055 2033 defendet,
1070 1982 1118 2020 de
1135 1983 1274 2034 quibus

169 2041 259 2073 ante
287 2036 431 2074 dictum
462 2043 527 2074 est.
569 2036 703 2088 Atque
731 2036 803 2074 hoc
833 2036 873 2073 in
901 2036 984 2074 loco
1013 2048 1102 2074 cum
1129 2036 1274 2075 diutius

166 2096 434 2138 commoratus,
464 2089 522 2127 sui
546 2089 635 2128 facti
659 2090 842 2128 rationem
862 2096 898 2127 et
916 2089 1134 2140 aequitatem
1152 2100 1273 2128 causae

166 2143 415 2192 exornaverit,
444 2150 525 2182 tum
552 2156 598 2185 ex
617 2143 676 2184 his
694 2143 785 2183 locis
804 2143 880 2181 fere
899 2150 1028 2182 contra
1045 2142 1272 2184 adversarios
