1407 2308
172 62 248 102 DE
270 62 652 112 INVENTIONE,
674 63 770 102 Lm.
789 63 845 102 ΙΙ.
867 63 969 102 ΟΛΡ.
987 63 1049 101 46.
1084 65 1156 108 107

73 182 140 208 cur
164 169 205 207 in
229 177 328 208 certa
352 171 464 208 verba
484 170 637 219 jurent;
666 183 733 208 cur
758 177 856 209 certo
881 177 1047 221 tempore
1077 183 1162 209 con-

75 222 240 271 veniant,
279 230 377 261 certo
413 222 629 261 discedant:
669 224 765 262 nihil
801 219 1001 275 quisquam
1038 224 1167 262 afferat

75 289 209 323 causae,
229 288 306 327 quo
322 276 450 314 minus
463 275 676 328 frequenter
693 290 846 328 operam
864 277 1077 328 reipublicae
1091 277 1167 323 det,

78 329 149 366 nisi
178 342 263 379 quae
290 342 401 367 causa
427 329 467 366 in
496 329 578 380 lege
603 337 757 381 excepta
785 331 855 368 sit:
885 343 932 368 an
957 343 995 368 se
1024 331 1170 380 legibus

77 382 270 420 obstrictos
294 382 334 419 in
360 382 472 420 tantis
500 384 680 421 molestiis
706 396 782 421 esse
807 396 959 435 aequum
984 390 1170 430 censeant,

80 434 306 473 adversarios
323 441 467 472 nostros
479 435 578 485 leges
593 437 780 487 negligere
793 437 1018 474 concedant:
1040 436 1174 474 deinde

80 487 171 525 item
190 500 355 539 quaerere
372 490 420 526 ab
435 489 638 537 judicibus,
659 490 690 527 si
708 491 789 539 ejus
808 491 859 527 rei
878 502 1042 537 causam,
1062 502 1174 539 prop-

83 548 138 578 ter
156 554 273 591 quam
291 554 330 579 se
347 554 431 579 reus
449 550 576 579 contra
599 542 721 593 legem
747 543 874 581 fecisse
900 543 1012 590 dicat,
1043 555 1176 593 excep-

84 593 225 631 tionem
240 594 319 644 ipse
331 594 371 631 in
385 594 468 644 lege
486 594 683 642 adscribat,
703 596 896 646 passurine
915 596 1010 633 sint:
1034 602 1175 646 postea,

86 646 170 694 hoc,
200 646 302 698 quod
334 646 458 694 faciat,
495 647 686 698 indignius
722 656 759 686 et
794 649 1050 699 impudentius
1087 661 1178 695 esse,

86 712 203 750 quam
233 700 264 738 si
289 700 497 738 adscribat:
527 713 596 751 age
623 714 747 751 porro,
778 702 871 752 quid
900 702 930 739 si
962 701 1033 751 ipsi
1065 701 1181 738 velint

84 752 229 801 judices
247 752 484 791 adscribere?
512 766 737 803 passurusne
768 755 815 792 sit
846 755 1040 805 populus?
1069 761 1182 804 atque

87 806 159 843 hoc
177 819 255 844 esse
272 805 476 856 indignius,
493 819 608 857 quam
627 819 706 844 rem
724 809 836 844 verbo
855 814 892 845 et
909 807 1024 844 literis
1037 813 1186 844 mutare

89 870 165 896 non
190 858 345 909 possint,
371 871 454 896 eam
481 872 519 896 re
546 859 640 909 ipsa,
667 866 703 897 et
723 860 865 908 judicio
883 860 1062 905 maxime,
1084 872 1185 897 com-

90 919 236 949 mutare
249 925 259 944 .-
289 911 422 949 deinde
440 911 640 962 indignum
659 925 735 950 esse
754 912 800 950 de
818 914 900 963 lege
919 913 1062 963 aliquid
1081 912 1187 950 dero-

90 964 185 1014 gari,
213 970 280 1002 aut
297 964 419 1014 legem
444 965 629 1016 abrogari,
650 972 716 1002 aut
733 965 863 1016 aliqua
888 978 934 1004 ex
961 973 1066 1016 parte
1085 977 1187 1002 com-

91 1017 244 1065 mutari,
274 1029 362 1055 cum
389 1018 531 1068 populo
559 1018 816 1067 cognoscendi,
846 1025 882 1057 et
910 1018 1093 1069 probandi
1122 1025 1190 1055 aut

92 1070 344 1121 improbandi,
373 1076 534 1121 potestas
551 1072 658 1109 nulla
676 1072 764 1109 fiat:
794 1072 864 1110 hoc
888 1072 977 1122 ipsis
999 1071 1189 1120 judicibus

93 1123 424 1161 invidiosissimum
441 1122 638 1162 futurum:
660 1136 735 1162 non
753 1125 855 1163 hunc
868 1125 994 1163 locum
1013 1137 1104 1171 esse,
1124 1137 1190 1161 ne-

98 1189 172 1227 que
189 1176 260 1214 hoc
278 1183 427 1227 tempus
444 1176 573 1227 legum
592 1178 919 1228 corrigendamm:
950 1177 1051 1228 apud
1069 1190 1191 1227 popu-

98 1230 182 1267 lum
206 1229 290 1277 hoc,
318 1236 355 1267 et
381 1242 448 1280 per
468 1230 670 1281 populum,
699 1231 760 1281 agi
782 1231 1001 1269 convenire:
1031 1230 1133 1280 quod
1162 1231 1193 1267 si

99 1295 200 1320 nunc
224 1282 265 1320 id
289 1289 416 1333 agant,
437 1283 533 1321 velle
556 1296 594 1321 se
619 1285 724 1332 scire,
744 1284 811 1334 qui
828 1284 924 1321 lator
942 1284 1002 1331 sit,
1029 1283 1096 1334 qui
1120 1283 1194 1320 sint

100 1335 310 1386 accepturi:
351 1348 390 1374 se
420 1336 581 1374 actiones
617 1337 742 1375 videre
777 1344 814 1374 et
844 1336 1056 1374 dissuadere
1087 1335 1194 1372 velle.

102 1388 220 1435 Quod
243 1388 275 1426 si
299 1387 379 1427 haec
404 1400 491 1426 cum
517 1401 664 1428 summe
689 1390 850 1437 inutilia,
871 1396 954 1426 tum
977 1389 1100 1426 multo
1119 1394 1198 1425 tur-

103 1441 258 1492 pissima
285 1441 384 1487 sint;
413 1441 550 1491 legem,
579 1443 831 1492 cujuscemodi
857 1443 917 1489 sit,
944 1443 984 1480 in
1002 1441 1198 1492 praesentia

104 1494 311 1532 conservari
328 1496 376 1533 ab
391 1495 594 1543 judicibus,
621 1502 718 1546 post,
746 1495 776 1533 si
794 1495 999 1546 displiceat,
1020 1508 1043 1532 a
1059 1494 1201 1544 populo

106 1547 253 1597 corrigi,
273 1547 492 1585 convenire:
514 1548 661 1596 deinde,
682 1549 712 1586 si
731 1548 910 1598 scriptum
929 1560 1004 1586 non
1023 1553 1198 1593 exstaret,

107 1612 333 1651 magnopere
351 1613 626 1651 quaereremus;
647 1614 769 1652 neque
783 1601 857 1649 isti,
874 1613 922 1639 ne
939 1601 970 1639 si
985 1608 1090 1638 extra
1102 1599 1201 1650 peri-

108 1653 239 1692 culum
259 1652 412 1704 quidem
431 1660 538 1701 esset,
557 1653 814 1692 crederemus:
844 1667 958 1701 nunc,
978 1666 1066 1692 cum
1085 1652 1201 1702 scrip-

110 1714 193 1744 tum
225 1705 285 1754 sit,
317 1706 521 1745 amentiam
549 1719 639 1754 esse,
673 1707 754 1756 ejus
786 1707 852 1758 qui
879 1706 1053 1758 peccarit,
1081 1705 1207 1756 potius

112 1771 229 1810 quam
253 1758 346 1809 legis
370 1759 501 1809 ipsius,
521 1761 634 1798 verba
651 1772 880 1811 cognoscere.
927 1760 1002 1797 His
1020 1766 1057 1796 et
1074 1759 1206 1806 hujus-

111 1811 215 1850 modi
238 1812 445 1851 rationibus
469 1813 689 1862 ostenditur,
717 1826 868 1851 causam
897 1819 1003 1850 extra
1029 1812 1209 1861 scriptum

113 1864 230 1915 accipi
248 1877 325 1902 non
343 1872 521 1916 oportere.

167 1917 322 1956 XLVI.
339 1918 511 1956 Secunda
524 1932 610 1969 pars
623 1926 690 1966 est,
706 1919 746 1956 in
761 1918 839 1970 qua
853 1925 907 1957 est
920 1915 1206 1961 ostendendum,

116 1970 147 2008 si
171 1970 212 2008 in
239 1971 380 2009 caeteris
404 1971 551 2021 legibus
575 1979 754 2022 oporteat,
783 1972 823 2009 in
849 1972 918 2009 hac
937 1983 1011 2008 non
1031 1975 1210 2020 oportere.

120 2023 206 2061 Hoc
236 2023 566 2072 demonstrabitur,
599 2026 630 2063 si
660 2025 723 2063 lex
756 2032 821 2062 aut
850 2025 897 2062 ad
927 2037 984 2061 res
1012 2021 1212 2067 maximas,

121 2075 350 2128 utilissimas,
382 2077 673 2124 honestissimas,
704 2077 998 2127 religiosissimas
1031 2073 1218 2111 videbitur

124 2129 330 2179 pertinere3
360 2136 426 2168 aut
451 2130 597 2179 inutile,
627 2138 693 2169 aut
711 2138 833 2181 turpe,
854 2138 920 2168 aut
939 2127 1040 2166 nefas
1059 2138 1135 2164 esse
1154 2125 1219 2162 tali
