1429 2344
188 89 241 126 46
295 88 373 128 DE
403 90 794 143 INVENTIONE,
825 91 976 132 Lm.1.
1005 92 1109 132 CAP.
1126 93 1190 130 45.

185 203 221 234 et
240 196 287 234 de
305 210 349 236 eo
374 198 533 249 quicum
559 200 854 252 comparabitur,
879 200 1087 239 existimari
1111 205 1295 251 oportere.

185 250 318 299 Hujus
346 252 537 291 facultatis
566 255 735 292 maxime
764 255 994 305 indigemus,
1026 267 1115 292 cum
1145 266 1190 291 ea
1215 252 1299 303 ipsa

184 306 478 354 argumentatio,
510 321 596 358 quae
626 321 693 358 per
716 309 976 346 inductionem
1001 314 1197 356 tractatur,
1228 305 1300 343 erit

186 358 504 408 reprehendenda.
526 361 593 399 Sin
603 362 816 410 judicatum
830 362 984 413 aliquod
995 361 1189 409 inferetur,
1203 372 1300 411 quo-

185 411 290 449 niam
309 413 348 449 id
364 426 411 450 ex
430 413 488 451 his
506 415 598 452 locis
616 416 785 453 maxime
803 417 997 462 firmatum
1022 415 1135 452 laude
1149 426 1296 461 eorum,

184 465 252 515 qui
267 466 512 514 judicarunt;
541 469 788 506 similitudine
807 471 887 518 ejus
906 469 973 517 rei,
995 469 1073 521 qua
1091 468 1138 506 de
1156 467 1297 518 agitur,

184 518 233 556 ad
260 532 344 557 eam
367 533 462 568 rem,
483 522 561 572 qua
587 522 633 559 de
655 523 870 571 judicatum
893 530 971 568 est3
1008 530 1044 560 et
1066 533 1298 560 commemo-

183 572 315 620 rando,
345 586 422 611 non
449 575 563 613 modo
591 588 667 613 non
696 589 773 614 esse
800 577 1068 627 reprehensum
1092 574 1297 624 judicium,

184 626 249 662 sed
268 628 315 663 ab
335 627 512 665 omnibus
532 631 809 679 approbatum3
841 638 877 667 ct
896 628 1201 676 demonstrando,
1226 627 1300 665 dif-

184 679 320 718 ficilius
339 688 376 718 et
394 682 520 730 majus
537 682 653 720 fuisse
677 683 717 721 id
740 683 954 732 judicatum
980 683 1084 734 quod
1106 682 1297 729 afferatur,

183 746 302 784 quam
320 734 361 771 id
380 735 483 786 quod
501 736 638 774 instet:
670 750 717 774 ex
743 737 937 774 contrariis
963 737 1069 784 locis,
1097 735 1129 773 si
1150 748 1208 773 res
1231 742 1300 772 aut

183 800 271 825 vera
303 795 369 825 aut
401 789 612 827 verisimilis
646 791 853 841 permittat,
883 790 1068 828 infirmari
1099 789 1297 841 oportebit.

183 841 317 891 Atque
343 842 413 879 erit
435 843 712 881 observandum
736 845 948 895 diligenter,
973 857 1022 882 ne
1046 843 1144 881 nihil
1168 843 1217 881 ad
1242 842 1296 891 id,

183 908 260 944 quo
280 895 326 932 de
345 903 492 946 agatur,
514 897 699 948 pertineat
721 898 761 935 id
787 898 890 949 quod
913 897 1129 947 judicatum
1159 896 1232 942 sit3
1262 903 1299 934 et

182 947 404 997 videndum,
426 963 474 987 ne
493 964 536 988 ea
554 965 611 989 res
630 951 855 1002 proferatur,
876 951 917 988 in
936 952 1014 1002 qua
1032 951 1080 988 sit
1094 951 1296 998 offensum,

184 1009 228 1039 ut
257 1002 304 1040 de
332 1003 427 1053 ipso,
460 1004 528 1054 qui
557 1005 750 1053 judicarit,
780 1005 972 1054 judicium
1000 1005 1082 1043 fieri
1111 1004 1295 1042 videatur,

183 1055 346 1106 Oportet
365 1065 493 1095 autem
513 1059 824 1107 animadvertere,
845 1071 906 1107 ne,
933 1071 1022 1096 cum
1047 1058 1156 1096 aliter
1172 1058 1298 1096 multa

181 1109 257 1147 sint
267 1110 450 1159 judicata,
473 1112 683 1150 solitarium
697 1113 852 1164 aliquod
863 1120 930 1150 aut
941 1125 1070 1150 rarum
1081 1111 1296 1161 judicatum

182 1163 383 1201 afferatur:
415 1177 506 1202 nam
524 1166 583 1204 his
602 1169 713 1204 rebus
733 1166 933 1204 auctoritas
949 1166 1110 1216 judicati
1127 1166 1298 1203 maxime

181 1225 304 1267 potest
321 1218 517 1256 infirmari.
558 1220 692 1271 Atque
712 1233 755 1258 ea
774 1220 943 1271 quidem,
965 1234 1052 1271 quae
1078 1219 1187 1271 quasi
1207 1232 1296 1270 pro-

180 1271 322 1308 babilia
341 1280 553 1321 sumentur,
575 1274 623 1311 ad
641 1274 743 1312 hunc
760 1274 921 1311 modum
941 1273 1077 1311 tentari
1096 1272 1294 1324 oportebit.

234 1324 367 1363 XLV.
403 1325 503 1372 Quae
535 1340 636 1374 vero,
667 1328 777 1366 sicuti
804 1327 1022 1375 necessaria,
1051 1327 1294 1373 inducentur,

181 1391 225 1416 ea
244 1379 274 1416 si
292 1378 388 1417 forte
407 1379 660 1418 imitabuntur
684 1381 798 1419 modo
823 1381 1070 1419 necessariam
1092 1392 1296 1430 argumen-

179 1432 376 1481 tationem,
396 1445 520 1484 neque
539 1442 650 1472 erunt
669 1435 868 1483 ejusmodi,
890 1435 941 1472 sic
960 1433 1293 1485 reprehendentur.

181 1486 360 1523 Primum
386 1488 612 1538 complexio,
641 1502 741 1540 quae,
770 1496 902 1526 utrum
925 1487 1160 1535 concesseriS,
1185 1487 1296 1525 debet

180 1539 324 1587 tollere,
359 1540 390 1577 si
423 1554 510 1578 vera
542 1549 610 1589 est,
645 1554 845 1593 nunquam
877 1542 1197 1593 reprehendetur3
1238 1540 1296 1578 s'm

180 1592 289 1640 falsa,
319 1593 468 1632 duobus
495 1595 632 1642 modis,
662 1604 729 1633 aut
757 1596 1009 1643 conversione,
1043 1602 1111 1632 aut
1142 1594 1295 1632 alterius

179 1647 296 1697 partis
315 1647 580 1686 infirmatione.
612 1649 877 1698 Conversione,
897 1649 969 1687 hoc
986 1649 1125 1686 modo:

236 1726 264 1745 ‘⁶
284 1723 392 1762 Nam
411 1725 442 1762 si
461 1732 621 1775 veretur,
643 1725 737 1777 quid
756 1737 844 1763 eum
863 1738 1025 1774 accuses,
1046 1724 1113 1776 qui
1131 1731 1187 1763 est
1207 1738 1295 1776 pro-

396 1780 468 1816 bus
484 1781 500 1817 ?

233 1831 301 1868 Sin
319 1831 616 1870 inverecundum
636 1832 754 1870 animi
772 1832 968 1883 ingenium
987 1831 1166 1882 possidet,

234 1884 342 1931 Quid
357 1898 446 1923 eum
461 1899 622 1934 accuses,
641 1886 708 1938 qui
725 1886 765 1923 id
777 1886 885 1937 parvi
899 1885 1031 1923 auditu
1047 1885 1235 1923 existimet
1246 1886 1292 1924 ?’'

180 1966 273 2014 Hic,
295 1966 372 2004 sive
398 1968 516 2005 vereri
544 1967 697 2015 dixeris,
725 1967 801 2005 sive
826 1979 904 2004 non
928 1966 1059 2013 vereri,
1087 1966 1291 2004 conceden-

179 2019 274 2057 dum
301 2019 372 2058 hoc
398 2029 523 2071 putat,
553 2028 596 2058 ut
623 2028 735 2071 neget
761 2033 838 2058 esse
864 2019 1131 2057 accusandum.
1175 2019 1292 2066 Quod

178 2073 418 2111 conversione
437 2075 488 2112 sic
510 2075 826 2125 reprehendetur:
858 2074 987 2111 Immo
1006 2086 1094 2110 vero
1113 2086 1291 2112 accusan-

177 2126 249 2164 dus
269 2134 346 2165 est:
377 2140 482 2175 nam,
504 2129 534 2165 si
561 2136 722 2176 veretur,
750 2139 924 2165 accuses:
955 2139 1031 2164 non
1056 2126 1159 2165 enim
1183 2127 1291 2178 parvi

175 2180 310 2219 auditu
330 2181 551 2222 aestimabit:
577 2182 634 2220 sin
650 2181 948 2220 inverecundum
963 2180 1081 2218 animi
1095 2180 1292 2231 ingenium
