<?xml version="1.0" encoding="UTF-8"?>
<!DOCTYPE html PUBLIC "-//W3C//DTD XHTML 1.0 Transitional//EN"
    "http://www.w3.org/TR/xhtml1/DTD/xhtml1-transitional.dtd">
<html xmlns="http://www.w3.org/1999/xhtml" xml:lang="en" lang="en">
 <head>
  <title>
</title>
<meta http-equiv="Content-Type" content="text/html;charset=utf-8" />
  <meta name='ocr-system' content='tesseract 3.04.00' />
  <meta name='ocr-capabilities' content='ocr_page ocr_carea ocr_par ocr_line ocrx_word'/>
</head>
<body>
  <div class='ocr_page' id='page_1' title='image "./operaern01ciceuoft_0180.png"; bbox 0 0 1429 2344; ppageno 0'>
   <div class='ocr_carea' id='block_1_1' title="bbox 135 60 1083 109">
    <p class='ocr_par' dir='ltr' id='par_1_1' title="bbox 135 60 1083 109">
     <span class='ocr_line' id='line_1_1' title="bbox 135 60 1083 109; baseline -0.004 -5"><span class='ocrx_word' id='word_1_1' title='bbox 135 64 210 104; x_wconf 80' lang='lat'>162</span> <span class='ocrx_word' id='word_1_2' title='bbox 279 62 356 101; x_wconf 93' lang='lat' dir='ltr'>DE</span> <span class='ocrx_word' id='word_1_3' title='bbox 385 60 680 109; x_wconf 82' lang='lat' dir='ltr'>ORATORE,</span> <span class='ocrx_word' id='word_1_4' title='bbox 712 61 810 100; x_wconf 71' lang='lat'>1113.</span> <span class='ocrx_word' id='word_1_5' title='bbox 829 61 862 100; x_wconf 92' lang='lat' dir='ltr'>I.</span> <span class='ocrx_word' id='word_1_6' title='bbox 893 61 996 102; x_wconf 79' lang='lat' dir='ltr'>CAP.</span> <span class='ocrx_word' id='word_1_7' title='bbox 1017 61 1083 107; x_wconf 87' lang='grc'>37.</span> 
     </span>
    </p>
   </div>
   <div class='ocr_carea' id='block_1_2' title="bbox 137 168 1285 2209">
    <p class='ocr_par' dir='ltr' id='par_1_2' title="bbox 137 168 1285 2209">
     <span class='ocr_line' id='line_1_2' title="bbox 137 168 1245 216; baseline -0.002 -6"><span class='ocrx_word' id='word_1_8' title='bbox 137 170 336 215; x_wconf 74' lang='lat' dir='ltr'>Mucium)</span> <span class='ocrx_word' id='word_1_9' title='bbox 364 182 441 207; x_wconf 91' lang='lat' dir='ltr'>non</span> <span class='ocrx_word' id='word_1_10' title='bbox 470 169 585 208; x_wconf 88' lang='lat' dir='ltr'>modo</span> <span class='ocrx_word' id='word_1_11' title='bbox 614 169 769 207; x_wconf 84' lang='lat' dir='ltr'>oratoris</span> <span class='ocrx_word' id='word_1_12' title='bbox 794 168 961 216; x_wconf 87' lang='lat' dir='ltr'>nomine,</span> <span class='ocrx_word' id='word_1_13' title='bbox 992 168 1057 208; x_wconf 87' lang='lat' dir='ltr'>sed</span> <span class='ocrx_word' id='word_1_14' title='bbox 1086 181 1133 207; x_wconf 94' lang='lat' dir='ltr'>ne</span> <span class='ocrx_word' id='word_1_15' title='bbox 1163 168 1245 208; x_wconf 87' lang='lat' dir='ltr'>foro</span> 
     </span>
     <span class='ocr_line' id='line_1_3' title="bbox 139 222 1246 277; baseline -0.001 -15"><span class='ocrx_word' id='word_1_16' title='bbox 139 225 295 277; x_wconf 85' lang='lat' dir='ltr'>quidem</span> <span class='ocrx_word' id='word_1_17' title='bbox 314 224 447 274; x_wconf 85' lang='lat' dir='ltr'>dignos</span> <span class='ocrx_word' id='word_1_18' title='bbox 466 223 647 274; x_wconf 67' lang='lat' dir='ltr'>putarim,</span> <span class='ocrx_word' id='word_1_19' title='bbox 689 222 815 274; x_wconf 87' lang='lat' dir='ltr'><strong>Atqui</strong></span> <span class='ocrx_word' id='word_1_20' title='bbox 840 236 917 261; x_wconf 91' lang='lat' dir='ltr'>non</span> <span class='ocrx_word' id='word_1_21' title='bbox 941 223 1062 261; x_wconf 85' lang='lat' dir='ltr'>defuit</span> <span class='ocrx_word' id='word_1_22' title='bbox 1085 223 1160 261; x_wconf 82' lang='lat' dir='ltr'>inis</span> <span class='ocrx_word' id='word_1_23' title='bbox 1177 236 1246 273; x_wconf 86' lang='lat' dir='ltr'>pa-</span> 
     </span>
     <span class='ocr_line' id='line_1_4' title="bbox 140 277 1247 329; baseline -0.002 -13"><span class='ocrx_word' id='word_1_24' title='bbox 140 279 272 326; x_wconf 90' lang='lat' dir='ltr'>tronis,</span> <span class='ocrx_word' id='word_1_25' title='bbox 312 277 438 329; x_wconf 86' lang='lat' dir='ltr'>inquit</span> <span class='ocrx_word' id='word_1_26' title='bbox 470 278 641 325; x_wconf 84' lang='lat' dir='ltr'>Crassus,</span> <span class='ocrx_word' id='word_1_27' title='bbox 679 277 908 327; x_wconf 74' lang='lat' dir='ltr'>eloquentia,</span> <span class='ocrx_word' id='word_1_28' title='bbox 946 289 1068 328; x_wconf 90' lang='lat' dir='ltr'>neque</span> <span class='ocrx_word' id='word_1_29' title='bbox 1100 277 1247 315; x_wconf 85' lang='lat' dir='ltr'>dicendi</span> 
     </span>
     <span class='ocr_line' id='line_1_5' title="bbox 141 330 1249 382; baseline -0.002 -12"><span class='ocrx_word' id='word_1_30' title='bbox 141 332 237 370; x_wconf 85' lang='lat' dir='ltr'>ratio</span> <span class='ocrx_word' id='word_1_31' title='bbox 267 338 333 369; x_wconf 88' lang='lat' dir='ltr'>aut</span> <span class='ocrx_word' id='word_1_32' title='bbox 362 331 482 381; x_wconf 89' lang='lat' dir='ltr'>copia,</span> <span class='ocrx_word' id='word_1_33' title='bbox 517 330 582 368; x_wconf 88' lang='lat' dir='ltr'>sed</span> <span class='ocrx_word' id='word_1_34' title='bbox 608 330 704 379; x_wconf 88' lang='lat' dir='ltr'>juris</span> <span class='ocrx_word' id='word_1_35' title='bbox 736 331 854 369; x_wconf 90' lang='lat' dir='ltr'>civilis</span> <span class='ocrx_word' id='word_1_36' title='bbox 885 331 1111 382; x_wconf 78' lang='lat' dir='ltr'>prudentia3</span> <span class='ocrx_word' id='word_1_37' title='bbox 1146 330 1249 382; x_wconf 89' lang='lat' dir='ltr'>quod</span> 
     </span>
     <span class='ocr_line' id='line_1_6' title="bbox 143 384 1252 436; baseline -0.002 -12"><span class='ocrx_word' id='word_1_38' title='bbox 143 387 238 424; x_wconf 86' lang='lat' dir='ltr'>alter</span> <span class='ocrx_word' id='word_1_39' title='bbox 256 386 356 436; x_wconf 90' lang='lat' dir='ltr'>plus,</span> <span class='ocrx_word' id='word_1_40' title='bbox 380 385 462 435; x_wconf 87' lang='lat' dir='ltr'>lege</span> <span class='ocrx_word' id='word_1_41' title='bbox 481 384 641 435; x_wconf 84' lang='lat' dir='ltr'>agendO,</span> <span class='ocrx_word' id='word_1_42' title='bbox 662 386 826 435; x_wconf 87' lang='lat' dir='ltr'>petebat,</span> <span class='ocrx_word' id='word_1_43' title='bbox 847 397 963 435; x_wconf 90' lang='lat' dir='ltr'>quam</span> <span class='ocrx_word' id='word_1_44' title='bbox 983 392 1171 435; x_wconf 90' lang='lat' dir='ltr'>quantum</span> <span class='ocrx_word' id='word_1_45' title='bbox 1188 384 1252 422; x_wconf 87' lang='lat' dir='ltr'>lex</span> 
     </span>
     <span class='ocr_line' id='line_1_7' title="bbox 144 438 1252 490; baseline -0.002 -13"><span class='ocrx_word' id='word_1_46' title='bbox 144 440 185 478; x_wconf 93' lang='lat' dir='ltr'>in</span> <span class='ocrx_word' id='word_1_47' title='bbox 211 439 312 476; x_wconf 88' lang='lat' dir='ltr'>XII.</span> <span class='ocrx_word' id='word_1_48' title='bbox 339 438 478 476; x_wconf 88' lang='lat' dir='ltr'>tabulis</span> <span class='ocrx_word' id='word_1_49' title='bbox 500 438 744 490; x_wconf 79' lang='lat' dir='ltr'>permiserat3</span> <span class='ocrx_word' id='word_1_50' title='bbox 774 438 877 489; x_wconf 90' lang='lat' dir='ltr'>quod</span> <span class='ocrx_word' id='word_1_51' title='bbox 896 451 984 476; x_wconf 90' lang='lat' dir='ltr'>cum</span> <span class='ocrx_word' id='word_1_52' title='bbox 1002 438 1252 489; x_wconf 62' lang='lat' dir='ltr'>impetrasset,</span> 
     </span>
     <span class='ocr_line' id='line_1_8' title="bbox 145 491 1254 543; baseline -0.002 -12"><span class='ocrx_word' id='word_1_53' title='bbox 145 493 260 532; x_wconf 66' lang='lat' dir='ltr'>causa</span> <span class='ocrx_word' id='word_1_54' title='bbox 288 492 461 538; x_wconf 78' lang='lat' dir='ltr'>caderet3</span> <span class='ocrx_word' id='word_1_55' title='bbox 492 493 586 529; x_wconf 86' lang='lat' dir='ltr'>alter</span> <span class='ocrx_word' id='word_1_56' title='bbox 615 492 794 543; x_wconf 87' lang='lat' dir='ltr'>iniquum</span> <span class='ocrx_word' id='word_1_57' title='bbox 824 493 984 543; x_wconf 87' lang='lat' dir='ltr'>putabat</span> <span class='ocrx_word' id='word_1_58' title='bbox 1011 491 1099 542; x_wconf 89' lang='lat' dir='ltr'>plus</span> <span class='ocrx_word' id='word_1_59' title='bbox 1125 504 1254 529; x_wconf 86' lang='lat' dir='ltr'>secum</span> 
     </span>
     <span class='ocr_line' id='line_1_9' title="bbox 147 545 1255 597; baseline -0.001 -13"><span class='ocrx_word' id='word_1_60' title='bbox 147 547 223 597; x_wconf 85' lang='lat' dir='ltr'>agi,</span> <span class='ocrx_word' id='word_1_61' title='bbox 253 559 371 597; x_wconf 88' lang='lat' dir='ltr'>quam</span> <span class='ocrx_word' id='word_1_62' title='bbox 391 545 494 597; x_wconf 91' lang='lat' dir='ltr'>quod</span> <span class='ocrx_word' id='word_1_63' title='bbox 513 553 592 584; x_wconf 71' lang='lat' dir='ltr'>erat</span> <span class='ocrx_word' id='word_1_64' title='bbox 606 545 647 582; x_wconf 90' lang='lat' dir='ltr'>in</span> <span class='ocrx_word' id='word_1_65' title='bbox 665 546 836 591; x_wconf 81' lang='lat' dir='ltr'>actione3</span> <span class='ocrx_word' id='word_1_66' title='bbox 866 557 989 596; x_wconf 89' lang='lat' dir='ltr'>neque</span> <span class='ocrx_word' id='word_1_67' title='bbox 1007 545 1255 596; x_wconf 84' lang='lat' dir='ltr'><strong>intelligebat,</strong></span> 
     </span>
     <span class='ocr_line' id='line_1_10' title="bbox 147 598 1196 649; baseline -0.002 -11"><span class='ocrx_word' id='word_1_68' title='bbox 147 601 179 639; x_wconf 85' lang='lat' dir='ltr'>si</span> <span class='ocrx_word' id='word_1_69' title='bbox 198 600 252 638; x_wconf 87' lang='lat' dir='ltr'>ita</span> <span class='ocrx_word' id='word_1_70' title='bbox 271 607 365 638; x_wconf 80' lang='lat' dir='ltr'>esset</span> <span class='ocrx_word' id='word_1_71' title='bbox 384 607 526 647; x_wconf 86' lang='lat' dir='ltr'>actum,</span> <span class='ocrx_word' id='word_1_72' title='bbox 545 600 653 636; x_wconf 87' lang='lat' dir='ltr'>litem</span> <span class='ocrx_word' id='word_1_73' title='bbox 672 599 927 637; x_wconf 87' lang='lat' dir='ltr'>adversarium</span> <span class='ocrx_word' id='word_1_74' title='bbox 945 598 1196 649; x_wconf 88' lang='lat' dir='ltr'>perditurum.</span> 
     </span>
     <span class='ocr_line' id='line_1_11' title="bbox 203 652 1264 704; baseline -0.001 -13"><span class='ocrx_word' id='word_1_75' title='bbox 203 653 430 691; x_wconf 85' lang='lat' dir='ltr'>XXXVII.</span> <span class='ocrx_word' id='word_1_76' title='bbox 461 653 600 701; x_wconf 80' lang='lat' dir='ltr'>Quid?</span> <span class='ocrx_word' id='word_1_77' title='bbox 629 653 688 690; x_wconf 89' lang='lat' dir='ltr'>his</span> <span class='ocrx_word' id='word_1_78' title='bbox 710 653 839 704; x_wconf 85' lang='lat' dir='ltr'>paucis</span> <span class='ocrx_word' id='word_1_79' title='bbox 864 652 1011 700; x_wconf 86' lang='lat' dir='ltr'>diebus,</span> <span class='ocrx_word' id='word_1_80' title='bbox 1030 665 1170 700; x_wconf 88' lang='lat' dir='ltr'>nonne,</span> <span class='ocrx_word' id='word_1_81' title='bbox 1190 665 1264 690; x_wconf 74' lang='lat' dir='ltr'>no-v</span> 
     </span>
     <span class='ocr_line' id='line_1_12' title="bbox 147 706 1259 757; baseline -0.003 -11"><span class='ocrx_word' id='word_1_82' title='bbox 147 708 207 746; x_wconf 87' lang='lat' dir='ltr'>bis</span> <span class='ocrx_word' id='word_1_83' title='bbox 233 708 274 745; x_wconf 89' lang='lat' dir='ltr'>in</span> <span class='ocrx_word' id='word_1_84' title='bbox 300 707 481 745; x_wconf 86' lang='lat' dir='ltr'>tribunali</span> <span class='ocrx_word' id='word_1_85' title='bbox 502 707 552 754; x_wconf 83' lang='lat' dir='ltr'>Q.</span> <span class='ocrx_word' id='word_1_86' title='bbox 570 707 759 757; x_wconf 86' lang='lat' dir='ltr'>Pompeii,</span> <span class='ocrx_word' id='word_1_87' title='bbox 789 706 958 757; x_wconf 85' lang='lat' dir='ltr'>praetoris</span> <span class='ocrx_word' id='word_1_88' title='bbox 976 706 1126 754; x_wconf 80' lang='lat' dir='ltr'>urbani,</span> <span class='ocrx_word' id='word_1_89' title='bbox 1146 706 1259 744; x_wconf 84' lang='lat' dir='ltr'>fami-</span> 
     </span>
     <span class='ocr_line' id='line_1_13' title="bbox 148 760 1262 809; baseline -0.003 -9"><span class='ocrx_word' id='word_1_90' title='bbox 148 761 252 800; x_wconf 86' lang='lat' dir='ltr'>liaris</span> <span class='ocrx_word' id='word_1_91' title='bbox 270 761 401 809; x_wconf 81' lang='lat' dir='ltr'>nostri,</span> <span class='ocrx_word' id='word_1_92' title='bbox 418 761 648 808; x_wconf 81' lang='lat' dir='ltr'>sedentibus,</span> <span class='ocrx_word' id='word_1_93' title='bbox 668 761 784 798; x_wconf 89' lang='lat' dir='ltr'>homo</span> <span class='ocrx_word' id='word_1_94' title='bbox 803 774 851 798; x_wconf 85' lang='lat' dir='ltr'>ex</span> <span class='ocrx_word' id='word_1_95' title='bbox 864 773 1024 798; x_wconf 88' lang='lat' dir='ltr'>numero</span> <span class='ocrx_word' id='word_1_96' title='bbox 1038 760 1262 798; x_wconf 82' lang='lat' dir='ltr'>disertorum</span> 
     </span>
     <span class='ocr_line' id='line_1_14' title="bbox 151 813 1263 867; baseline -0.002 -14"><span class='ocrx_word' id='word_1_97' title='bbox 151 816 383 867; x_wconf 83' lang='lat' dir='ltr'>postulabat,</span> <span class='ocrx_word' id='word_1_98' title='bbox 400 822 444 852; x_wconf 87' lang='lat' dir='ltr'>ut</span> <span class='ocrx_word' id='word_1_99' title='bbox 457 815 527 863; x_wconf 87' lang='lat' dir='ltr'>illi,</span> <span class='ocrx_word' id='word_1_100' title='bbox 544 815 646 852; x_wconf 90' lang='lat' dir='ltr'>unde</span> <span class='ocrx_word' id='word_1_101' title='bbox 657 822 858 865; x_wconf 83' lang='lat' dir='ltr'>peteretur,</span> <span class='ocrx_word' id='word_1_102' title='bbox 875 822 982 852; x_wconf 87' lang='lat' dir='ltr'>vetus</span> <span class='ocrx_word' id='word_1_103' title='bbox 997 821 1111 866; x_wconf 89' lang='lat' dir='ltr'>atque</span> <span class='ocrx_word' id='word_1_104' title='bbox 1124 813 1263 851; x_wconf 86' lang='lat' dir='ltr'>usitata</span> 
     </span>
     <span class='ocr_line' id='line_1_15' title="bbox 152 867 1262 920; baseline -0.001 -13"><span class='ocrx_word' id='word_1_105' title='bbox 152 869 324 920; x_wconf 83' lang='lat' dir='ltr'>exceptio</span> <span class='ocrx_word' id='word_1_106' title='bbox 357 868 523 915; x_wconf 83' lang='lat' dir='ltr'>daretur,</span> <span class='ocrx_word' id='word_1_107' title='bbox 560 871 587 890; x_wconf 82' lang='grc'>“</span> <span class='ocrx_word' id='word_1_108' title='bbox 609 868 730 917; x_wconf 88' lang='lat' dir='ltr'>Cujus</span> <span class='ocrx_word' id='word_1_109' title='bbox 762 868 932 920; x_wconf 87' lang='lat' dir='ltr'>pecuniae</span> <span class='ocrx_word' id='word_1_110' title='bbox 964 868 1042 906; x_wconf 88' lang='lat' dir='ltr'>dies</span> <span class='ocrx_word' id='word_1_111' title='bbox 1070 867 1203 906; x_wconf 89' lang='lat' dir='ltr'>fuisset</span> <span class='ocrx_word' id='word_1_112' title='bbox 1216 867 1262 906; x_wconf 80' lang='lat'>?&#39;’</span> 
     </span>
     <span class='ocr_line' id='line_1_16' title="bbox 153 921 1267 974; baseline -0.001 -14"><span class='ocrx_word' id='word_1_113' title='bbox 153 923 257 974; x_wconf 91' lang='lat' dir='ltr'>quod</span> <span class='ocrx_word' id='word_1_114' title='bbox 275 922 443 974; x_wconf 86' lang='lat' dir='ltr'>petitoris</span> <span class='ocrx_word' id='word_1_115' title='bbox 463 921 577 960; x_wconf 63' lang='lat' dir='ltr'>causa</span> <span class='ocrx_word' id='word_1_116' title='bbox 594 930 857 973; x_wconf 84' lang='lat' dir='ltr'>comparatum</span> <span class='ocrx_word' id='word_1_117' title='bbox 882 934 960 960; x_wconf 88' lang='lat' dir='ltr'>esse</span> <span class='ocrx_word' id='word_1_118' title='bbox 985 934 1066 964; x_wconf 20' lang='lat' dir='ltr'>non*</span> <span class='ocrx_word' id='word_1_119' title='bbox 1079 921 1267 972; x_wconf 81' lang='lat' dir='ltr'>intellige-</span> 
     </span>
     <span class='ocr_line' id='line_1_17' title="bbox 153 975 1268 1027; baseline -0.002 -12"><span class='ocrx_word' id='word_1_120' title='bbox 153 979 246 1023; x_wconf 89' lang='lat' dir='ltr'>bat;</span> <span class='ocrx_word' id='word_1_121' title='bbox 277 983 335 1024; x_wconf 88' lang='lat' dir='ltr'>ut,</span> <span class='ocrx_word' id='word_1_122' title='bbox 365 976 396 1014; x_wconf 87' lang='lat' dir='ltr'>si</span> <span class='ocrx_word' id='word_1_123' title='bbox 415 976 480 1014; x_wconf 84' lang='lat' dir='ltr'>ille</span> <span class='ocrx_word' id='word_1_124' title='bbox 498 975 683 1013; x_wconf 83' lang='lat' dir='ltr'>inficiator</span> <span class='ocrx_word' id='word_1_125' title='bbox 701 976 896 1027; x_wconf 61' lang='lat' dir='ltr'>probasset</span> <span class='ocrx_word' id='word_1_126' title='bbox 911 975 1044 1025; x_wconf 89' lang='lat' dir='ltr'>judici,</span> <span class='ocrx_word' id='word_1_127' title='bbox 1065 982 1153 1013; x_wconf 88' lang='lat' dir='ltr'>ante</span> <span class='ocrx_word' id='word_1_128' title='bbox 1170 975 1268 1026; x_wconf 91' lang='lat' dir='ltr'>peti-</span> 
     </span>
     <span class='ocr_line' id='line_1_18' title="bbox 154 1029 1271 1081; baseline -0.003 -12"><span class='ocrx_word' id='word_1_129' title='bbox 154 1039 235 1069; x_wconf 85' lang='lat' dir='ltr'>tam</span> <span class='ocrx_word' id='word_1_130' title='bbox 255 1043 332 1068; x_wconf 86' lang='lat' dir='ltr'>esse</span> <span class='ocrx_word' id='word_1_131' title='bbox 350 1030 551 1081; x_wconf 86' lang='lat' dir='ltr'>pecuniam</span> <span class='ocrx_word' id='word_1_132' title='bbox 571 1042 688 1081; x_wconf 84' lang='lat' dir='ltr'>quam</span> <span class='ocrx_word' id='word_1_133' title='bbox 708 1038 801 1068; x_wconf 87' lang='lat' dir='ltr'>esset</span> <span class='ocrx_word' id='word_1_134' title='bbox 820 1038 941 1081; x_wconf 88' lang='lat' dir='ltr'>coepta</span> <span class='ocrx_word' id='word_1_135' title='bbox 966 1029 1107 1078; x_wconf 88' lang='lat' dir='ltr'>deberi,</span> <span class='ocrx_word' id='word_1_136' title='bbox 1133 1029 1271 1080; x_wconf 88' lang='lat' dir='ltr'>petitor</span> 
     </span>
     <span class='ocr_line' id='line_1_19' title="bbox 155 1082 1270 1134; baseline -0.002 -12"><span class='ocrx_word' id='word_1_137' title='bbox 155 1098 286 1122; x_wconf 89' lang='lat' dir='ltr'>rursus</span> <span class='ocrx_word' id='word_1_138' title='bbox 300 1097 389 1121; x_wconf 88' lang='lat' dir='ltr'>cum</span> <span class='ocrx_word' id='word_1_139' title='bbox 402 1091 559 1134; x_wconf 84' lang='lat' dir='ltr'>peteret,</span> <span class='ocrx_word' id='word_1_140' title='bbox 581 1084 798 1134; x_wconf 74' lang='lat' dir='ltr'>exceptione</span> <span class='ocrx_word' id='word_1_141' title='bbox 813 1083 1088 1130; x_wconf 78' lang='lat' dir='ltr'>excluderetur,</span> <span class='ocrx_word' id='word_1_142' title='bbox 1111 1085 1138 1104; x_wconf 84' lang='grc'>“</span> <span class='ocrx_word' id='word_1_143' title='bbox 1152 1082 1270 1130; x_wconf 87' lang='lat' dir='ltr'>Quod</span> 
     </span>
     <span class='ocr_line' id='line_1_20' title="bbox 158 1137 1269 1187; baseline -0.002 -11"><span class='ocrx_word' id='word_1_144' title='bbox 158 1151 203 1176; x_wconf 87' lang='lat' dir='ltr'>ea</span> <span class='ocrx_word' id='word_1_145' title='bbox 220 1151 278 1176; x_wconf 89' lang='lat' dir='ltr'>res</span> <span class='ocrx_word' id='word_1_146' title='bbox 296 1138 337 1175; x_wconf 92' lang='lat' dir='ltr'>in</span> <span class='ocrx_word' id='word_1_147' title='bbox 353 1138 542 1186; x_wconf 76' lang='lat' dir='ltr'>judicium</span> <span class='ocrx_word' id='word_1_148' title='bbox 569 1145 679 1175; x_wconf 85' lang='lat' dir='ltr'>antea</span> <span class='ocrx_word' id='word_1_149' title='bbox 705 1138 907 1175; x_wconf 86' lang='lat' dir='ltr'>venisset.”</span> <span class='ocrx_word' id='word_1_150' title='bbox 947 1137 1055 1185; x_wconf 86' lang='lat' dir='ltr'>Quid</span> <span class='ocrx_word' id='word_1_151' title='bbox 1081 1149 1170 1187; x_wconf 87' lang='lat' dir='ltr'>ergo</span> <span class='ocrx_word' id='word_1_152' title='bbox 1196 1137 1269 1175; x_wconf 91' lang='lat' dir='ltr'>hoc</span> 
     </span>
     <span class='ocr_line' id='line_1_21' title="bbox 158 1190 1270 1242; baseline 0 -13"><span class='ocrx_word' id='word_1_153' title='bbox 158 1192 241 1229; x_wconf 84' lang='lat' dir='ltr'>fieri</span> <span class='ocrx_word' id='word_1_154' title='bbox 271 1192 420 1242; x_wconf 88' lang='lat' dir='ltr'>turpius</span> <span class='ocrx_word' id='word_1_155' title='bbox 445 1199 512 1229; x_wconf 89' lang='lat' dir='ltr'>aut</span> <span class='ocrx_word' id='word_1_156' title='bbox 538 1191 613 1229; x_wconf 86' lang='lat' dir='ltr'>dici</span> <span class='ocrx_word' id='word_1_157' title='bbox 638 1198 774 1242; x_wconf 89' lang='lat' dir='ltr'>potest,</span> <span class='ocrx_word' id='word_1_158' title='bbox 802 1204 920 1242; x_wconf 88' lang='lat' dir='ltr'>quam</span> <span class='ocrx_word' id='word_1_159' title='bbox 949 1203 1053 1239; x_wconf 88' lang='lat' dir='ltr'>eum,</span> <span class='ocrx_word' id='word_1_160' title='bbox 1079 1190 1147 1241; x_wconf 92' lang='lat' dir='ltr'>qui</span> <span class='ocrx_word' id='word_1_161' title='bbox 1170 1190 1270 1229; x_wconf 89' lang='lat' dir='ltr'>hanc</span> 
     </span>
     <span class='ocr_line' id='line_1_22' title="bbox 158 1244 1271 1296; baseline -0.001 -13"><span class='ocrx_word' id='word_1_162' title='bbox 158 1258 359 1296; x_wconf 83' lang='lat' dir='ltr'>personam</span> <span class='ocrx_word' id='word_1_163' title='bbox 377 1245 594 1296; x_wconf 87' lang='lat' dir='ltr'>susceperit,</span> <span class='ocrx_word' id='word_1_164' title='bbox 614 1253 658 1282; x_wconf 90' lang='lat' dir='ltr'>ut</span> <span class='ocrx_word' id='word_1_165' title='bbox 677 1245 887 1283; x_wconf 59' lang='lat' dir='ltr'>aulicorum</span> <span class='ocrx_word' id='word_1_166' title='bbox 901 1244 1167 1283; x_wconf 85' lang='lat' dir='ltr'>controversias</span> <span class='ocrx_word' id='word_1_167' title='bbox 1181 1257 1271 1282; x_wconf 88' lang='lat' dir='ltr'>cau-</span> 
     </span>
     <span class='ocr_line' id='line_1_23' title="bbox 158 1297 1273 1350; baseline -0.001 -13"><span class='ocrx_word' id='word_1_168' title='bbox 158 1312 294 1350; x_wconf 88' lang='lat' dir='ltr'>sasque</span> <span class='ocrx_word' id='word_1_169' title='bbox 313 1306 477 1347; x_wconf 83' lang='lat' dir='ltr'>tueatur,</span> <span class='ocrx_word' id='word_1_170' title='bbox 497 1299 758 1337; x_wconf 79' lang='lat' dir='ltr'>laborantibus</span> <span class='ocrx_word' id='word_1_171' title='bbox 777 1305 981 1346; x_wconf 85' lang='lat' dir='ltr'>succurrat,</span> <span class='ocrx_word' id='word_1_172' title='bbox 998 1297 1106 1348; x_wconf 86' lang='lat' dir='ltr'>aegris</span> <span class='ocrx_word' id='word_1_173' title='bbox 1119 1298 1273 1336; x_wconf 85' lang='lat' dir='ltr'>medea-</span> 
     </span>
     <span class='ocr_line' id='line_1_24' title="bbox 157 1351 1273 1403; baseline -0.001 -12"><span class='ocrx_word' id='word_1_174' title='bbox 157 1360 236 1401; x_wconf 86' lang='lat' dir='ltr'>tur,</span> <span class='ocrx_word' id='word_1_175' title='bbox 253 1353 410 1391; x_wconf 79' lang='lat' dir='ltr'>afflictos</span> <span class='ocrx_word' id='word_1_176' title='bbox 429 1353 578 1401; x_wconf 83' lang='lat' dir='ltr'>excitet,</span> <span class='ocrx_word' id='word_1_177' title='bbox 599 1352 702 1390; x_wconf 87' lang='lat' dir='ltr'>hunc</span> <span class='ocrx_word' id='word_1_178' title='bbox 719 1352 760 1390; x_wconf 92' lang='lat' dir='ltr'>in</span> <span class='ocrx_word' id='word_1_179' title='bbox 778 1352 948 1390; x_wconf 89' lang='lat' dir='ltr'>minimis</span> <span class='ocrx_word' id='word_1_180' title='bbox 965 1351 1273 1403; x_wconf 86' lang='lat' dir='ltr'>tenuissimisque</span> 
     </span>
     <span class='ocr_line' id='line_1_25' title="bbox 159 1405 1271 1455; baseline 0 -11"><span class='ocrx_word' id='word_1_181' title='bbox 159 1409 272 1445; x_wconf 85' lang='lat' dir='ltr'>rebus</span> <span class='ocrx_word' id='word_1_182' title='bbox 291 1407 345 1444; x_wconf 87' lang='lat' dir='ltr'>ita</span> <span class='ocrx_word' id='word_1_183' title='bbox 362 1406 454 1455; x_wconf 78' lang='lat' dir='ltr'>labi,</span> <span class='ocrx_word' id='word_1_184' title='bbox 483 1414 527 1444; x_wconf 89' lang='lat' dir='ltr'>ut</span> <span class='ocrx_word' id='word_1_185' title='bbox 555 1406 637 1444; x_wconf 90' lang='lat' dir='ltr'>aliis</span> <span class='ocrx_word' id='word_1_186' title='bbox 663 1406 914 1454; x_wconf 87' lang='lat' dir='ltr'>miserandus,</span> <span class='ocrx_word' id='word_1_187' title='bbox 942 1406 1026 1444; x_wconf 85' lang='lat' dir='ltr'>aliis</span> <span class='ocrx_word' id='word_1_188' title='bbox 1043 1405 1271 1454; x_wconf 86' lang='lat' dir='ltr'>irridendus,</span> 
     </span>
     <span class='ocr_line' id='line_1_26' title="bbox 162 1460 1275 1511; baseline -0.001 -12"><span class='ocrx_word' id='word_1_189' title='bbox 162 1473 241 1499; x_wconf 90' lang='lat' dir='ltr'>esse</span> <span class='ocrx_word' id='word_1_190' title='bbox 270 1460 472 1499; x_wconf 82' lang='lat' dir='ltr'>videatur?</span> <span class='ocrx_word' id='word_1_191' title='bbox 501 1460 697 1511; x_wconf 83' lang='lat' dir='ltr'>Equidem</span> <span class='ocrx_word' id='word_1_192' title='bbox 725 1460 986 1511; x_wconf 85' lang='lat' dir='ltr'>propinquum</span> <span class='ocrx_word' id='word_1_193' title='bbox 1010 1466 1198 1508; x_wconf 87' lang='lat' dir='ltr'>nostrum,</span> <span class='ocrx_word' id='word_1_194' title='bbox 1227 1460 1275 1498; x_wconf 90' lang='lat' dir='ltr'>P.</span> 
     </span>
     <span class='ocr_line' id='line_1_27' title="bbox 163 1513 1276 1562; baseline 0.001 -11"><span class='ocrx_word' id='word_1_195' title='bbox 163 1514 358 1562; x_wconf 87' lang='lat' dir='ltr'>Crassum,</span> <span class='ocrx_word' id='word_1_196' title='bbox 395 1515 508 1552; x_wconf 84' lang='lat' dir='ltr'>illum</span> <span class='ocrx_word' id='word_1_197' title='bbox 541 1514 728 1562; x_wconf 86' lang='lat' dir='ltr'>Divitem,</span> <span class='ocrx_word' id='word_1_198' title='bbox 766 1527 855 1552; x_wconf 90' lang='lat' dir='ltr'>cum</span> <span class='ocrx_word' id='word_1_199' title='bbox 886 1514 1018 1551; x_wconf 84' lang='lat' dir='ltr'>multis</span> <span class='ocrx_word' id='word_1_200' title='bbox 1049 1513 1132 1551; x_wconf 81' lang='lat' dir='ltr'>aliis</span> <span class='ocrx_word' id='word_1_201' title='bbox 1162 1515 1276 1552; x_wconf 91' lang='lat' dir='ltr'>rebus</span> 
     </span>
     <span class='ocr_line' id='line_1_28' title="bbox 162 1566 1276 1618; baseline 0 -13"><span class='ocrx_word' id='word_1_202' title='bbox 162 1568 375 1618; x_wconf 83' lang='lat' dir='ltr'>elegantem</span> <span class='ocrx_word' id='word_1_203' title='bbox 400 1568 596 1606; x_wconf 79' lang='lat' dir='ltr'>hominem</span> <span class='ocrx_word' id='word_1_204' title='bbox 624 1575 661 1606; x_wconf 87' lang='lat' dir='ltr'>et</span> <span class='ocrx_word' id='word_1_205' title='bbox 685 1575 877 1616; x_wconf 83' lang='lat' dir='ltr'>ornatum,</span> <span class='ocrx_word' id='word_1_206' title='bbox 904 1575 989 1605; x_wconf 90' lang='lat' dir='ltr'>tum</span> <span class='ocrx_word' id='word_1_207' title='bbox 1018 1566 1208 1618; x_wconf 82' lang='lat' dir='ltr'>praecipue</span> <span class='ocrx_word' id='word_1_208' title='bbox 1234 1567 1276 1605; x_wconf 90' lang='lat' dir='ltr'>in</span> 
     </span>
     <span class='ocr_line' id='line_1_29' title="bbox 161 1620 1276 1673; baseline 0 -14"><span class='ocrx_word' id='word_1_209' title='bbox 161 1621 234 1659; x_wconf 91' lang='lat' dir='ltr'>hoc</span> <span class='ocrx_word' id='word_1_210' title='bbox 264 1620 504 1673; x_wconf 83' lang='lat' dir='ltr'>[ferendum]</span> <span class='ocrx_word' id='word_1_211' title='bbox 535 1630 572 1659; x_wconf 86' lang='lat' dir='ltr'>et</span> <span class='ocrx_word' id='word_1_212' title='bbox 598 1621 836 1659; x_wconf 85' lang='lat' dir='ltr'>laudandum</span> <span class='ocrx_word' id='word_1_213' title='bbox 855 1629 963 1673; x_wconf 84' lang='lat' dir='ltr'>puto,</span> <span class='ocrx_word' id='word_1_214' title='bbox 983 1621 1100 1672; x_wconf 90' lang='lat' dir='ltr'>quod,</span> <span class='ocrx_word' id='word_1_215' title='bbox 1120 1633 1210 1659; x_wconf 89' lang='lat' dir='ltr'>cum</span> <span class='ocrx_word' id='word_1_216' title='bbox 1229 1621 1276 1660; x_wconf 89' lang='lat' dir='ltr'>P.</span> 
     </span>
     <span class='ocr_line' id='line_1_30' title="bbox 164 1675 1280 1726; baseline 0.001 -13"><span class='ocrx_word' id='word_1_217' title='bbox 164 1676 343 1713; x_wconf 88' lang='lat' dir='ltr'>Scaevolae</span> <span class='ocrx_word' id='word_1_218' title='bbox 366 1675 482 1713; x_wconf 89' lang='lat' dir='ltr'>frater</span> <span class='ocrx_word' id='word_1_219' title='bbox 500 1682 594 1713; x_wconf 85' lang='lat' dir='ltr'>esset</span> <span class='ocrx_word' id='word_1_220' title='bbox 613 1675 744 1713; x_wconf 89' lang='lat' dir='ltr'>solitus</span> <span class='ocrx_word' id='word_1_221' title='bbox 764 1675 797 1713; x_wconf 91' lang='lat' dir='ltr'>ei</span> <span class='ocrx_word' id='word_1_222' title='bbox 814 1688 981 1726; x_wconf 90' lang='lat' dir='ltr'>persaepe</span> <span class='ocrx_word' id='word_1_223' title='bbox 999 1675 1134 1722; x_wconf 90' lang='lat' dir='ltr'>dicere,</span> <span class='ocrx_word' id='word_1_224' title='bbox 1153 1687 1280 1726; x_wconf 86' lang='lat' dir='ltr'>neque</span> 
     </span>
     <span class='ocr_line' id='line_1_31' title="bbox 163 1727 1279 1779; baseline 0 -12"><span class='ocrx_word' id='word_1_225' title='bbox 163 1729 278 1768; x_wconf 89' lang='lat' dir='ltr'>illum</span> <span class='ocrx_word' id='word_1_226' title='bbox 303 1729 344 1766; x_wconf 92' lang='lat' dir='ltr'>in</span> <span class='ocrx_word' id='word_1_227' title='bbox 367 1729 454 1777; x_wconf 85' lang='lat' dir='ltr'>jure</span> <span class='ocrx_word' id='word_1_228' title='bbox 476 1729 577 1767; x_wconf 89' lang='lat' dir='ltr'>civili</span> <span class='ocrx_word' id='word_1_229' title='bbox 603 1728 691 1766; x_wconf 83' lang='lat' dir='ltr'>satis</span> <span class='ocrx_word' id='word_1_230' title='bbox 721 1727 797 1777; x_wconf 86' lang='lat' dir='ltr'>[illi</span> <span class='ocrx_word' id='word_1_231' title='bbox 815 1728 906 1779; x_wconf 77' lang='lat' dir='ltr'>arti]</span> <span class='ocrx_word' id='word_1_232' title='bbox 926 1729 1047 1766; x_wconf 88' lang='lat' dir='ltr'>facere</span> <span class='ocrx_word' id='word_1_233' title='bbox 1064 1741 1185 1779; x_wconf 91' lang='lat' dir='ltr'>posse,</span> <span class='ocrx_word' id='word_1_234' title='bbox 1205 1729 1279 1767; x_wconf 90' lang='lat' dir='ltr'>nisi</span> 
     </span>
     <span class='ocr_line' id='line_1_32' title="bbox 167 1781 1278 1833; baseline 0.001 -13"><span class='ocrx_word' id='word_1_235' title='bbox 167 1782 318 1820; x_wconf 88' lang='lat' dir='ltr'>dicendi</span> <span class='ocrx_word' id='word_1_236' title='bbox 351 1782 499 1833; x_wconf 88' lang='lat' dir='ltr'>copiam</span> <span class='ocrx_word' id='word_1_237' title='bbox 518 1782 754 1820; x_wconf 83' lang='lat' dir='ltr'>assumsisset</span> <span class='ocrx_word' id='word_1_238' title='bbox 782 1782 903 1833; x_wconf 91' lang='lat' dir='ltr'>(quod</span> <span class='ocrx_word' id='word_1_239' title='bbox 932 1782 1089 1832; x_wconf 90' lang='lat' dir='ltr'>quidem</span> <span class='ocrx_word' id='word_1_240' title='bbox 1114 1781 1189 1830; x_wconf 85' lang='lat' dir='ltr'>hic,</span> <span class='ocrx_word' id='word_1_241' title='bbox 1210 1783 1278 1833; x_wconf 88' lang='lat' dir='ltr'>qui</span> 
     </span>
     <span class='ocr_line' id='line_1_33' title="bbox 166 1835 1282 1887; baseline 0 -13"><span class='ocrx_word' id='word_1_242' title='bbox 166 1848 321 1874; x_wconf 91' lang='lat' dir='ltr'>mecum</span> <span class='ocrx_word' id='word_1_243' title='bbox 335 1836 466 1874; x_wconf 89' lang='lat' dir='ltr'>consul</span> <span class='ocrx_word' id='word_1_244' title='bbox 479 1835 568 1884; x_wconf 84' lang='lat' dir='ltr'>fuit,</span> <span class='ocrx_word' id='word_1_245' title='bbox 583 1835 683 1874; x_wconf 88' lang='lat' dir='ltr'>filius</span> <span class='ocrx_word' id='word_1_246' title='bbox 696 1837 791 1885; x_wconf 90' lang='lat' dir='ltr'>ejus,</span> <span class='ocrx_word' id='word_1_247' title='bbox 813 1842 867 1873; x_wconf 89' lang='lat' dir='ltr'>est</span> <span class='ocrx_word' id='word_1_248' title='bbox 879 1841 1136 1882; x_wconf 82' lang='lat' dir='ltr'>consecutus);</span> <span class='ocrx_word' id='word_1_249' title='bbox 1157 1848 1282 1887; x_wconf 90' lang='lat' dir='ltr'>neque</span> 
     </span>
     <span class='ocr_line' id='line_1_34' title="bbox 168 1890 1282 1940; baseline 0.001 -13"><span class='ocrx_word' id='word_1_250' title='bbox 168 1902 208 1928; x_wconf 90' lang='lat' dir='ltr'>se</span> <span class='ocrx_word' id='word_1_251' title='bbox 232 1896 320 1928; x_wconf 89' lang='lat' dir='ltr'>ante</span> <span class='ocrx_word' id='word_1_252' title='bbox 350 1902 480 1928; x_wconf 86' lang='lat' dir='ltr'>causas</span> <span class='ocrx_word' id='word_1_253' title='bbox 505 1890 715 1927; x_wconf 86' lang='lat' dir='ltr'>amicorum</span> <span class='ocrx_word' id='word_1_254' title='bbox 745 1896 903 1927; x_wconf 86' lang='lat' dir='ltr'>tractare</span> <span class='ocrx_word' id='word_1_255' title='bbox 932 1896 1047 1940; x_wconf 89' lang='lat' dir='ltr'>atque</span> <span class='ocrx_word' id='word_1_256' title='bbox 1076 1901 1187 1939; x_wconf 86' lang='lat' dir='ltr'>agere</span> <span class='ocrx_word' id='word_1_257' title='bbox 1210 1903 1282 1928; x_wconf 83' lang='lat' dir='ltr'>coe-</span> 
     </span>
     <span class='ocr_line' id='line_1_35' title="bbox 169 1941 1283 1994; baseline 0.001 -13"><span class='ocrx_word' id='word_1_258' title='bbox 169 1943 283 1994; x_wconf 87' lang='lat' dir='ltr'>pisse,</span> <span class='ocrx_word' id='word_1_259' title='bbox 313 1956 430 1994; x_wconf 90' lang='lat' dir='ltr'>quam</span> <span class='ocrx_word' id='word_1_260' title='bbox 446 1944 510 1992; x_wconf 91' lang='lat' dir='ltr'>jus</span> <span class='ocrx_word' id='word_1_261' title='bbox 529 1943 637 1981; x_wconf 89' lang='lat' dir='ltr'>civile</span> <span class='ocrx_word' id='word_1_262' title='bbox 656 1942 854 1981; x_wconf 85' lang='lat' dir='ltr'>didicisset.</span> <span class='ocrx_word' id='word_1_263' title='bbox 898 1941 1006 1989; x_wconf 89' lang='lat' dir='ltr'>Quid</span> <span class='ocrx_word' id='word_1_264' title='bbox 1025 1955 1112 1981; x_wconf 85' lang='lat' dir='ltr'>vero</span> <span class='ocrx_word' id='word_1_265' title='bbox 1136 1942 1202 1981; x_wconf 89' lang='lat' dir='ltr'>ille</span> <span class='ocrx_word' id='word_1_266' title='bbox 1220 1943 1283 1982; x_wconf 88' lang='grc' dir='ltr'>Μ.</span> 
     </span>
     <span class='ocr_line' id='line_1_36' title="bbox 170 1996 1285 2047; baseline 0 -12"><span class='ocrx_word' id='word_1_267' title='bbox 170 1997 300 2035; x_wconf 80' lang='lat' dir='ltr'>Cato?</span> <span class='ocrx_word' id='word_1_268' title='bbox 329 2009 455 2035; x_wconf 90' lang='lat' dir='ltr'>nonne</span> <span class='ocrx_word' id='word_1_269' title='bbox 481 2003 518 2034; x_wconf 88' lang='lat' dir='ltr'>et</span> <span class='ocrx_word' id='word_1_270' title='bbox 537 1997 753 2047; x_wconf 65' lang='lat' dir='ltr'>eloquentia</span> <span class='ocrx_word' id='word_1_271' title='bbox 777 1996 885 2034; x_wconf 63' lang='lat' dir='ltr'>tanta</span> <span class='ocrx_word' id='word_1_272' title='bbox 906 1996 994 2044; x_wconf 83' lang='lat' dir='ltr'>fuit,</span> <span class='ocrx_word' id='word_1_273' title='bbox 1016 2002 1200 2047; x_wconf 85' lang='lat' dir='ltr'>quantam</span> <span class='ocrx_word' id='word_1_274' title='bbox 1217 1997 1285 2035; x_wconf 79' lang='lat' dir='ltr'>illa</span> 
     </span>
     <span class='ocr_line' id='line_1_37' title="bbox 174 2049 1285 2102; baseline 0 -14"><span class='ocrx_word' id='word_1_275' title='bbox 174 2057 360 2101; x_wconf 87' lang='lat' dir='ltr'>tempora,</span> <span class='ocrx_word' id='word_1_276' title='bbox 390 2058 505 2102; x_wconf 84' lang='lat' dir='ltr'>atque</span> <span class='ocrx_word' id='word_1_277' title='bbox 522 2050 589 2088; x_wconf 75' lang='lat' dir='ltr'>issa</span> <span class='ocrx_word' id='word_1_278' title='bbox 607 2058 695 2088; x_wconf 84' lang='lat' dir='ltr'>aetas</span> <span class='ocrx_word' id='word_1_279' title='bbox 721 2050 761 2087; x_wconf 90' lang='lat' dir='ltr'>in</span> <span class='ocrx_word' id='word_1_280' title='bbox 779 2050 851 2088; x_wconf 88' lang='lat' dir='ltr'>hac</span> <span class='ocrx_word' id='word_1_281' title='bbox 870 2050 1019 2088; x_wconf 87' lang='lat' dir='ltr'>civitate</span> <span class='ocrx_word' id='word_1_282' title='bbox 1043 2049 1140 2088; x_wconf 88' lang='lat' dir='ltr'>ferre</span> <span class='ocrx_word' id='word_1_283' title='bbox 1160 2050 1285 2088; x_wconf 83' lang='lat' dir='ltr'>maxi-</span> 
     </span>
     <span class='ocr_line' id='line_1_38' title="bbox 173 2103 1284 2155; baseline 0 -14"><span class='ocrx_word' id='word_1_284' title='bbox 173 2116 279 2141; x_wconf 88' lang='lat' dir='ltr'>mam</span> <span class='ocrx_word' id='word_1_285' title='bbox 308 2104 446 2155; x_wconf 86' lang='lat' dir='ltr'>potuit,</span> <span class='ocrx_word' id='word_1_286' title='bbox 474 2111 511 2142; x_wconf 89' lang='lat' dir='ltr'>et</span> <span class='ocrx_word' id='word_1_287' title='bbox 533 2103 629 2153; x_wconf 89' lang='lat' dir='ltr'>juris</span> <span class='ocrx_word' id='word_1_288' title='bbox 655 2103 774 2142; x_wconf 82' lang='lat' dir='ltr'>civilis</span> <span class='ocrx_word' id='word_1_289' title='bbox 800 2103 975 2142; x_wconf 85' lang='lat' dir='ltr'>omnium</span> <span class='ocrx_word' id='word_1_290' title='bbox 1003 2103 1252 2154; x_wconf 88' lang='lat' dir='ltr'>peritissimus</span> <span class='ocrx_word' id='word_1_291' title='bbox 1265 2105 1284 2142; x_wconf 83' lang='lat'>?</span> 
     </span>
     <span class='ocr_line' id='line_1_39' title="bbox 175 2155 1284 2209; baseline 0 -14"><span class='ocrx_word' id='word_1_292' title='bbox 175 2157 438 2198; x_wconf 87' lang='lat' dir='ltr'>Verecundius</span> <span class='ocrx_word' id='word_1_293' title='bbox 462 2157 533 2198; x_wconf 88' lang='lat' dir='ltr'>hac</span> <span class='ocrx_word' id='word_1_294' title='bbox 555 2157 602 2197; x_wconf 88' lang='lat' dir='ltr'>de</span> <span class='ocrx_word' id='word_1_295' title='bbox 620 2171 660 2196; x_wconf 88' lang='lat' dir='ltr'>re</span> <span class='ocrx_word' id='word_1_296' title='bbox 675 2157 907 2208; x_wconf 84' lang='lat' dir='ltr'>jamdudum</span> <span class='ocrx_word' id='word_1_297' title='bbox 925 2157 1075 2209; x_wconf 89' lang='lat' dir='ltr'>loquor,</span> <span class='ocrx_word' id='word_1_298' title='bbox 1096 2156 1199 2209; x_wconf 87' lang='lat' dir='ltr'>quod</span> <span class='ocrx_word' id='word_1_299' title='bbox 1217 2155 1284 2195; x_wconf 84' lang='lat' dir='ltr'>ad-</span> 
     </span>
    </p>
   </div>
  </div>
 </body>
</html>
