1429 2344
200 70 277 110 432
318 69 395 108 DE
416 69 622 110 CLARIS
642 69 1033 118 ORATORIBUS,
1050 70 1154 110 CAP.
1169 72 1232 109 82.

197 186 288 222 tror,
308 190 397 217 cum
416 190 504 215 eum
531 178 770 216 vehementer
795 178 976 225 hortarer,
1003 185 1046 216 ut
1071 191 1155 217 eam
1181 178 1306 216 laudis

197 232 299 270 viam
318 231 563 269 rectissimam
583 245 661 269 esse
680 231 844 277 duceret,
865 244 981 282 quam
1000 233 1161 281 majores
1175 233 1256 281 ejus
1271 232 1305 270 ei

196 285 326 322 tritam
352 285 602 335 reliquissent.
642 285 738 323 Erat
765 286 880 333 enim,
905 297 993 322 cum
1017 285 1212 324 institutus
1237 299 1305 336 op-

197 338 302 385 time,
324 345 408 376 tum
423 338 537 376 etiam
555 338 730 390 perfecte,
746 339 934 390 planeque
947 338 1140 384 eruditum
1169 340 1308 377 inerat-

197 404 273 442 que
300 400 337 430 et
360 392 557 442 ingenium
588 393 676 430 satis
702 406 798 439 acre,
827 399 863 430 et
887 392 1065 430 orationis
1090 405 1164 430 non
1193 393 1311 430 inele-

195 458 289 495 gans
308 446 415 496 copia
431 460 441 482 ε
472 453 739 497 praetereaque,
754 447 832 484 sine
847 446 1074 496 arrogantia,
1088 446 1211 496 gravis
1231 459 1308 484 esse

196 499 408 545 videbatur,
440 506 477 536 et
506 500 585 537 sine
618 499 777 550 segnitia
809 499 1052 537 verecundus.
1096 500 1171 537 Sed
1203 499 1306 537 hunc

196 565 350 603 quoque
368 553 561 590 absorbuit
580 560 691 590 aestus
709 553 867 604 quidam
892 565 968 590 non
987 550 1147 590 insolitae
1165 553 1309 591 adoles-

196 606 368 644 centibus
397 606 549 657 gloriae:
591 606 672 657 qui,
704 607 795 657 quia
826 606 983 644 navarat
1014 606 1123 643 miles
1155 619 1307 657 operam

196 659 427 710 imperatori,
443 660 709 711 imperatorem
727 674 765 698 se
778 660 906 698 statim
925 672 1003 697 esse
1021 660 1217 710 cupiebat3
1247 661 1308 698 cui

197 713 349 751 muneri
367 726 449 751 mos
471 715 662 763 majorum
688 721 837 751 aetatem
856 720 1010 761 certam,
1031 720 1169 751 sortem
1187 713 1308 752 incer-

197 773 292 815 tam,
313 767 478 818 reliquit.
509 768 571 804 Ita
589 767 810 818 gravissimo
829 779 897 805 suo
922 779 1025 813 casu,
1047 767 1141 804 dum
1161 766 1254 817 Cyri
1272 775 1309 805 et

197 820 413 858 Alexandri
449 820 581 858 similis
618 834 695 859 esse
731 821 865 867 voluit,
905 820 972 871 qui
1005 833 1118 858 suum
1155 831 1307 858 cursum

196 880 517 919 transcurrerant3
548 882 585 912 et
598 874 645 911 L.
661 874 799 923 Crassi,
814 883 850 912 et
861 874 1072 912 multorum
1085 873 1309 913 Crassorum

197 928 374 965 inventus
394 935 447 965 est
466 928 754 966 dissimillimus.

252 981 475 1018 LXXXII.
497 981 572 1019 Sed
586 982 634 1019 ad
647 981 811 1020 Calvum
827 980 875 1024 (is
887 981 989 1020 enim
1004 981 1112 1019 nobis
1125 987 1204 1019 erat
1220 995 1308 1033 pro-

195 1034 356 1086 positus)
377 1041 631 1073 revertamur:
662 1036 729 1086 qui
755 1034 898 1084 [orator
922 1035 1090 1086 fuisset,]
1118 1048 1206 1073 cum
1225 1036 1310 1074 lite-

196 1089 248 1126 ris
264 1088 444 1126 eruditior
462 1101 580 1139 quam
595 1088 726 1149 Curio,
739 1096 824 1126 tum
836 1089 949 1126 etiam
965 1089 1175 1127 accuratius
1188 1089 1309 1140 quod-

197 1142 288 1180 dam
322 1141 469 1180 dicendi
499 1149 536 1179 et
567 1142 791 1194 exquisitius
819 1142 998 1180 afferebat
1029 1155 1174 1192 genus;
1205 1143 1308 1193 quod

197 1208 435 1247 quamquam
454 1195 610 1234 scienter
635 1197 899 1246 eleganterque
924 1198 1120 1243 tractabat,
1141 1196 1307 1233 nimium

197 1256 328 1287 tamen
356 1249 550 1299 inquirens
579 1249 620 1286 111
651 1262 703 1296 se,
735 1256 848 1300 atque
877 1249 957 1300 ipse
987 1262 1065 1287 sese
1089 1251 1304 1297 observans,

197 1311 447 1353 metuensque
458 1315 506 1340 ne
521 1302 697 1340 vitiosum
712 1303 916 1353 colligeret,
937 1302 1051 1340 etiam
1069 1315 1203 1340 verum
1221 1315 1307 1340 san-

196 1357 354 1407 guinem
379 1355 618 1406 deperdebat.
653 1357 790 1407 Itaque
820 1357 900 1405 ejus
931 1356 1048 1394 oratio
1077 1356 1198 1394 nimia
1221 1356 1308 1394 reli-.-

195 1410 308 1461 gione
337 1416 544 1457 attenuata,
578 1410 696 1448 doctis
725 1417 761 1447 et
792 1416 933 1448 attente
960 1409 1201 1448 audientibus
1229 1417 1309 1448 erat

195 1464 378 1509 illustris3
409 1476 432 1500 a
449 1463 698 1501 multitudine
726 1471 870 1512 autem,
898 1470 936 1501 et
963 1477 986 1501 a
1010 1463 1106 1511 foro,
1133 1463 1195 1502 cui
1218 1471 1309 1502 nata

195 1517 412 1568 eloquentia
431 1524 499 1564 est,
520 1517 780 1555 devorabatur.

251 1571 359 1609 Tum
378 1571 538 1618 Brutus,
558 1570 736 1609 Atticum
763 1584 815 1619 se,
841 1571 983 1623 inquit,
1013 1570 1156 1610 Calvus
1180 1577 1307 1610 noster

195 1624 271 1662 (lici
289 1632 474 1662 oratorem
493 1625 655 1662 volebat.
693 1624 791 1662 Inde
816 1632 895 1663 erat
912 1625 985 1663 ista
1003 1625 1166 1672 exilitas,
1187 1638 1305 1676 quam

195 1678 262 1715 ille
289 1678 337 1715 de
361 1677 548 1715 industria
574 1678 884 1730 consequebatur.
927 1678 1104 1727 Dicebat,
1130 1678 1304 1729 inquam,

194 1731 274 1769 ita:
305 1731 370 1769 sed
395 1738 432 1769 et
456 1730 536 1781 ipse
563 1733 723 1780 errabat,
751 1739 788 1770 et
813 1732 905 1770 afios
925 1732 1039 1770 etiam
1059 1744 1180 1770 errare
1197 1745 1307 1782 coge-

194 1786 272 1823 bat.
315 1785 436 1832 Nam,
467 1784 498 1821 si
524 1784 608 1835 quis
639 1797 715 1833 eos,
742 1785 810 1836 qui
834 1797 904 1824 nec
929 1786 1057 1836 inepte
1081 1784 1212 1823 dicunt
1236 1798 1306 1824 nec

192 1838 320 1876 odiose
337 1851 406 1876 nec
423 1837 569 1888 putide,
585 1838 716 1876 Attice
739 1845 850 1889 putat
868 1838 1014 1883 dicere3
1044 1838 1076 1876 is
1100 1845 1212 1885 recte,
1232 1839 1306 1877 nisi

190 1892 383 1939 Atticum,
403 1892 539 1942 probat
556 1892 761 1929 neminem.
791 1892 1051 1930 Insulsitatem
1070 1891 1172 1929 enim
1192 1899 1228 1929 et
1246 1892 1305 1930 in-

190 1946 404 1991 solentiam,
436 1952 635 1996 tamquam
664 1945 851 1983 insaniam
877 1945 1083 1996 quamdam
1110 1945 1303 1994 orationis,

189 1999 272 2037 odit
283 2013 295 2036 :
325 1998 524 2036 sanitatem
543 2005 671 2036 autem
691 2006 727 2036 et
744 1999 1012 2049 integritatem,
1027 1997 1135 2049 quasi
1153 1998 1304 2048 relig-io-

189 2064 280 2090 nem
299 2059 336 2089 et
354 2051 618 2090 verecundiam
637 2052 806 2099 oratoris,
827 2054 972 2103 probat.
1014 2052 1111 2089 Haec
1129 2052 1304 2090 omnium

189 2105 301 2143 debet
318 2113 510 2144 oratorum
531 2105 661 2143 eadem
682 2118 760 2143 esse
779 2106 973 2143 sententia.
1004 2105 1072 2143 Sin
1091 2111 1222 2143 autem
1240 2106 1302 2154 je-

203 2159 389 2198 unitatem
409 2166 446 2198 et
464 2159 668 2198 siccitatem
683 2166 719 2197 et
733 2159 915 2210 inopiam,
936 2159 1147 2198 dummodo
1165 2159 1214 2198 sit
1232 2171 1301 2210 po-
