1407 2308
238 57 314 99 DE
335 59 626 106 ORATORE,
656 59 752 97 IAIB.
770 57 804 96 Ι.
835 58 937 97 CAP.
954 60 1017 97 56.
1106 57 1171 96 181

75 165 227 204 ornasti.
257 165 419 213 Deinde,
433 166 534 218 quod
548 167 587 203 in
603 165 645 203 ea
665 173 706 203 tu
725 165 811 215 plus
825 177 947 215 operae
964 165 1177 215 laborisque

76 231 345 267 consumseras,
365 232 453 258 cum
472 221 552 268 ejus
571 219 683 256 studii
703 219 771 256 tibi
791 225 826 255 et
844 218 1010 256 hortator
1034 225 1071 255 et
1094 230 1176 254 ma-

74 272 188 321 gister
206 280 299 310 esset
314 273 431 319 domi,
447 271 586 309 veritus
601 284 652 318 cs,
668 272 739 308 nisi
753 272 863 308 istam
878 278 995 308 artem
1011 271 1176 308 oratione

74 326 348 375 exaggerasses,
383 338 430 362 ne
462 337 614 375 operam
646 324 878 374 perdidisses.
926 324 1000 361 Sed
1032 336 1101 373 ego
1129 335 1177 361 ne

75 389 162 415 cum
181 379 252 416 ista
271 379 424 430 quidem
444 385 521 415 arte
539 390 679 428 pugno.
720 377 776 415 Sit
799 390 886 414 sane
911 384 1028 424 tanta,
1054 388 1177 427 quan-

74 437 152 468 tam
171 439 213 469 tu
231 431 337 469 illam
357 444 434 469 esse
452 431 518 468 vis.
558 431 728 477 Etenim,
756 431 834 467 sine
856 430 1116 476 controversia,
1140 435 1179 466 et

71 496 212 534 magna
239 492 308 532 est,
339 492 376 522 et
404 485 479 521 late
504 490 620 535 patet,
649 490 686 520 et
711 483 758 520 ad
783 484 922 520 multos
943 483 1116 533 pertinet,
1137 489 1175 519 et

71 549 221 576 summo
238 538 279 574 in
297 538 436 575 honore
455 549 600 587 semper
623 536 721 580 fuit;
752 543 787 574 et
806 535 1000 573 clarissimi
1018 535 1115 573 cives
1140 535 1174 573 ei

72 590 196 628 studio
220 590 333 628 etiam
359 590 470 628 hodie
496 596 686 640 praesunt:
722 589 786 627 sed
814 589 911 636 vide,
941 587 1086 636 Crasse,
1112 599 1175 634 ne,

72 642 165 680 dum
184 656 281 681 novo
306 651 343 681 et
367 644 488 681 alieno
513 650 646 681 ornatu
672 642 762 680 velis
786 654 917 679 ornare
937 641 1032 689 juris
1059 640 1178 679 civilis

73 696 280 744 scientiam,
301 709 368 735 suo
387 708 538 747 quoque
557 708 653 742 eam,
674 708 844 733 concesso
862 702 899 732 et
920 692 1070 741 tradito,
1090 706 1176 744 spo-

72 749 140 787 lies
158 755 272 800 atque
297 749 473 787 denudes.
514 749 633 795 Nam,
661 748 692 786 si
715 749 768 785 ita
792 748 945 794 diceres,
972 747 1038 797 qui
1060 747 1175 795 juris-

72 803 263 840 consultus
282 809 389 850 esset,
410 815 487 840 esse
505 814 593 839 eum
608 809 805 848 oratorem,
820 801 987 852 itemque
1001 800 1068 850 qui
1082 808 1176 837 esset

71 862 207 902 orator,
242 856 338 904 juris
374 855 550 893 eumdem
583 867 660 892 esse
692 854 906 892 consultum
922 867 934 898 ς
977 853 1174 903 praeclaras

72 908 166 945 duas
185 916 280 946 artes
299 909 554 955 constitueres,
574 915 687 957 atque
705 908 802 944 inter
820 920 858 944 se
875 918 996 957 pareS,
1017 913 1054 943 et
1075 906 1174 953 ejus-

71 961 157 998 dem
191 961 306 999 socias
338 961 530 1011 dignitatis
547 975 556 998 ε
597 973 699 998 nunc
731 972 831 1007 vero,
861 959 1173 1008 jurisconsultum

70 1014 148 1051 sine
174 1014 245 1052 hac
270 1014 498 1065 eloquentia,
525 1013 572 1050 de
597 1013 674 1065 qua
699 1013 917 1064 quaerimus,
945 1012 1071 1049 fateris
1095 1024 1174 1049 esse

71 1079 189 1118 posse,
205 1067 395 1118 fuisseque
408 1067 613 1117 plurimos;
637 1074 821 1104 oratorem
835 1078 964 1116 negas,
980 1065 1052 1102 nisi
1066 1065 1172 1102 illam

71 1120 264 1158 scientiam
289 1119 516 1168 assumserit,
543 1132 620 1157 esse
644 1132 762 1170 posse.
807 1119 869 1156 Ita
894 1126 949 1157 est
969 1118 1040 1156 tibi
1058 1118 1172 1166 juris-

71 1175 262 1211 consultus
292 1173 373 1224 ipse
403 1186 470 1224 per
498 1186 536 1211 se
563 1173 672 1219 nihil,
701 1173 773 1210 nisi
802 1171 986 1221 leguleius
1015 1171 1171 1222 quidam

71 1234 203 1265 cautus
227 1234 265 1264 et
286 1234 431 1274 acutus,
457 1239 579 1277 praeco
603 1226 808 1271 actionum,
836 1232 964 1263 cantor
990 1223 1171 1261 formula-

70 1292 171 1328 rum,
191 1292 327 1330 auceps
345 1280 575 1330 syllabarum
591 1293 600 1316 :
631 1279 709 1326 sed,
729 1279 820 1329 quia
837 1290 934 1328 saepe
952 1277 1072 1314 utitur
1089 1289 1172 1314 ora-

70 1340 129 1370 tor
146 1333 311 1371 subsidio
326 1333 421 1382 juris
439 1333 479 1370 in
499 1333 632 1379 causis,
652 1331 788 1369 idcirco
805 1331 916 1368 istam
939 1329 1034 1378 juris
1056 1329 1174 1367 scien-

72 1385 164 1424 tiam
190 1386 425 1437 eloquentiae,
448 1393 645 1436 tamquam
670 1384 887 1422 ancillulam
913 1382 1173 1434 pedisequam-

73 1451 160 1489 que,
181 1439 398 1488 adjunxisti.

127 1491 239 1529 LVI.
269 1491 384 1539 Quod
410 1504 495 1530 vero
519 1492 793 1542 impudentiam
818 1491 1024 1529 admiratus
1049 1502 1087 1527 es
1112 1502 1174 1527 eo-
1228 1500 1229 1503 ’

74 1557 159 1582 rum
195 1551 453 1596 patronorum,
491 1545 558 1597 qui
589 1552 669 1592 aut,
707 1557 794 1583 cum
830 1557 945 1595 parva
977 1543 1174 1589 nescirent,

74 1610 212 1648 magna
229 1597 506 1648 profiterentur,
526 1605 593 1636 aut
611 1611 667 1645 ea,
688 1611 773 1649 quae
796 1597 966 1635 maxima
990 1603 1110 1634 essent
1134 1595 1174 1632 in

71 1652 157 1699 jure
174 1650 289 1699 civih‘,
308 1657 466 1688 tractare
483 1651 663 1689 auderent
681 1651 720 1688 in
740 1651 872 1697 causis,
893 1662 980 1687 cum
999 1662 1043 1687 ea
1055 1648 1175 1686 nesci-

76 1711 172 1751 rent,
198 1716 472 1755 nunquamque
496 1704 733 1749 didicissent3
763 1704 959 1754 utriusque
980 1702 1034 1740 rei
1057 1702 1177 1739 facilis

73 1764 128 1795 est
146 1764 183 1795 et
200 1765 349 1808 promta
366 1757 542 1795 defensio.
583 1757 687 1794 Nam
710 1769 832 1807 neque
850 1755 947 1793 illud
965 1763 1020 1793 est
1036 1755 1178 1792 miran-

73 1809 182 1858 dum,
209 1810 289 1861 qui,
316 1810 454 1861 quibus
478 1809 599 1848 verbis
622 1810 781 1848 coemtio
800 1810 879 1857 fiat,
899 1809 1051 1855 nesciat,
1072 1819 1179 1845 eum-

75 1862 163 1901 dem
182 1863 264 1912 ejus
281 1862 463 1910 mulieris,
483 1876 569 1914 quae
593 1863 840 1901 coemtionem
864 1862 1005 1909 fecerit,
1025 1873 1178 1899 causam

76 1928 183 1967 posse
196 1916 394 1954 defendere
404 1931 415 1953 :
436 1929 518 1964 nec,
535 1917 566 1954 si
580 1916 686 1967 parvi
700 1913 839 1965 navigii
854 1922 889 1952 et
903 1913 1033 1964 magni
1047 1913 1178 1950 eadem

79 1976 133 2006 aet
151 1969 191 2006 in
209 1968 453 2019 gubernando
471 1969 648 2014 seientia3
677 1969 814 2006 idcirco
835 1969 916 2020 qui,
937 1967 1074 2017 quibus
1096 1978 1178 2003 ver-

78 2021 138 2058 bis
153 2021 325 2060 heretum
343 2021 430 2060 cieri
448 2029 630 2073 oporteat,
646 2022 797 2069 nesciat,
812 2021 913 2058 idem
927 2018 1180 2057 herciscundae

81 2073 234 2112 familiae
252 2087 402 2113 causam
421 2088 530 2126 agere
547 2087 622 2112 non
642 2075 768 2126 possit.
798 2074 918 2119 Nam,
938 2071 1041 2122 quod
1058 2071 1182 2109 maxi-

82 2137 163 2164 mas
180 2127 465 2165 centumvitales
486 2141 614 2166 causas
633 2129 671 2165 in
696 2129 780 2176 jure
805 2127 942 2177 positas
967 2124 1155 2175 protulisti
1168 2137 1191 2169 3,

138 2180 332 2227 (Rhetor.)
362 2191 464 2218 vor..
487 2192 515 2218 1.
834 2190 861 2216 n
