1407 2308
283 93 362 134 DE
382 93 680 142 ORATORE,
711 93 809 133 Iam.
833 93 866 132 1.
896 95 1000 134 CAP-
1019 95 1058 134 3.
1156 100 1229 137 125

112 200 362 242 mediocrium
391 200 546 248 artium,
575 200 640 239 sed
670 213 787 252 prope
815 201 1084 240 maximarum.
1127 204 1228 252 Quis

113 255 218 294 enim
236 262 306 304 est,
322 254 404 306 qui,
421 254 452 292 si
465 255 653 293 clarorum
671 254 871 292 hominum
886 256 1080 301 scientiam
1099 270 1226 296 rerum

113 315 307 360 gestarum
326 309 386 346 vel
411 307 576 346 utilitate
606 308 665 346 vel
690 308 952 358 magnitudine
980 310 1105 348 metiri
1124 312 1229 359 velit,

116 374 194 400 non
208 368 412 412 anteponat
429 361 567 399 oratori
580 361 844 412 imperatorem
860 364 877 399 Ρ
897 362 996 409 Quis
1013 371 1141 401 autem
1156 364 1228 402 du-

115 415 225 463 bitet,
257 415 351 466 quin
376 414 468 453 belli
497 414 610 452 duces
640 415 966 464 praestantissimos
993 429 1040 454 ex
1063 416 1133 455 hac
1152 419 1231 455 una

112 467 266 507 civitate
283 480 392 520 paene
417 468 726 516 innumerabiles,
757 468 797 505 in
824 468 982 506 dicendo
1008 477 1138 508 autem
1164 484 1229 509 ex-

114 522 291 560 cellentes
314 521 378 560 vix
403 534 557 573 paucos,
576 521 742 572 proferre
766 521 984 572 possimus?
1012 523 1041 561 J
1044 536 1106 561 am
1126 537 1228 573 vcro,

112 575 271 614 consilio
289 587 332 614 ac
351 574 534 626 sapientia
552 574 619 625 qui
637 587 764 625 regere
783 587 826 612 ac
844 577 1054 626 gubernare
1073 589 1228 628 rempu-

115 629 253 668 blicam
271 636 437 679 possent,
465 628 580 666 multi
598 628 739 676 nostra,
765 628 892 678 plures
910 636 1063 679 patrum
1082 642 1228 668 memo-

112 682 184 731 ria,
215 689 330 733 atque
361 682 476 720 etiam
507 682 712 730 majorum,
748 681 984 730 exstiterunt,
1018 694 1107 720 cum
1139 684 1229 721 boni

114 734 247 786 perdiu
268 734 379 783 nulli,
400 735 465 773 vix
484 742 612 772 autem
631 734 789 784 singulis
808 735 981 773 aetatibus
997 735 1151 786 singuli,
1173 744 1230 775 to-

114 788 286 827 lerabiles
315 795 478 826 oratores
509 787 777 826 invenirentur.
818 788 895 836 Ac,
929 800 977 825 ne
1009 789 1094 839 quis
1128 790 1225 828 sorte

112 855 203 880 cum
222 841 304 880 aliis
323 841 469 890 studiis,
503 854 589 892 quae
613 840 811 878 reconditis
829 841 869 878 in
888 841 1032 879 artibus
1051 850 1166 893 atque
1185 843 1223 880 in

115 895 284 946 quadarn
307 895 484 933 varietate
513 894 710 932 literarum
740 901 946 943 versentur,
978 896 1100 946 magis
1129 896 1228 935 hanc

114 948 266 987 dicendi
283 948 482 996 rationem,
511 959 629 999 quam
648 959 736 985 cum
755 946 990 998 imperatoris
1015 949 1142 997 laude,
1163 957 1230 987 aut

111 1013 202 1040 cum
227 1001 319 1039 boni
343 1001 522 1039 senatoris
539 1000 755 1052 prudentia,
776 1001 1069 1061 comparandam
1087 1009 1225 1054 putet3

114 1061 308 1094 convertat
334 1055 508 1105 animum
539 1055 587 1092 ad
618 1067 662 1092 ea
690 1053 772 1104 ipsa
796 1054 936 1091 artium
962 1067 1126 1105 genera3
1156 1056 1227 1094 cir-

110 1108 424 1159 cumspiciatque,
439 1108 512 1159 qui
529 1107 570 1145 in
588 1107 634 1145 iis
648 1107 856 1155 floruerint,
877 1121 1071 1159 quamque
1085 1109 1224 1147 multi:

111 1162 164 1201 sic
182 1161 375 1223 facillime,
396 1168 541 1212 quanta
558 1167 749 1199 oratorum
770 1161 830 1209 sit,
863 1173 1086 1213 semperque
1112 1162 1227 1201 fuerit

112 1215 296 1267 paucitas,
313 1214 510 1264 judicabit.

166 1268 248 1307 ΙΙΙ.
279 1268 418 1319 Neque
436 1269 537 1306 enim
566 1267 743 1318 te‘fugit,
774 1267 914 1305 artium
943 1268 1118 1306 omnium
1143 1269 1226 1307 lau-

111 1322 290 1360 datarum
319 1322 603 1372 procreatricem
631 1320 853 1372 quamdam,
885 1328 922 1358 et
951 1321 1060 1372 quasi
1090 1335 1226 1372 paren-

113 1381 208 1423 tem,
229 1387 328 1423 eam,
349 1387 466 1426 quam
484 1380 704 1423 Φιλοσοφιαν
725 1373 849 1411 Graeci
868 1381 1016 1422 vocant,
1036 1376 1084 1413 ab
1102 1375 1226 1413 homi-

114 1429 229 1467 nibus
252 1427 476 1466 doctissimis
501 1427 688 1476 judicari3
719 1427 759 1464 in
787 1426 866 1478 qua
883 1426 1034 1466 difficile
1060 1435 1115 1466 est
1133 1441 1226 1467 enu-

112 1494 272 1530 merare,
292 1487 387 1532 quot
404 1480 490 1529 viri,
510 1480 655 1531 quanta
668 1480 837 1529 scientia,
857 1481 1076 1532 quantaque
1089 1482 1129 1519 in
1149 1483 1226 1520 suis

111 1535 246 1574 studiis
263 1534 441 1572 varietate
458 1541 496 1572 et
513 1534 622 1585 copia
639 1533 793 1582 fuerint,
814 1533 881 1584 qui
899 1546 976 1572 non
1000 1534 1080 1572 una
1097 1535 1227 1587 aliqua

112 1588 153 1627 in
170 1601 212 1627 re
230 1587 431 1639 separatim
449 1587 690 1635 elaborarint,
717 1587 782 1625 sed
799 1587 941 1647 onmia,
972 1600 1226 1641 quaecumque

115 1641 293 1694 [essent,]
318 1641 378 1679 vel
401 1640 565 1679 scientim
590 1639 915 1692 pervestigatione,
936 1642 996 1679 vel
1021 1641 1224 1680 disserendi

112 1695 270 1743 ratione,
290 1693 652 1746 comprehenderint.
681 1693 781 1741 Quis
797 1693 959 1744 ignorat,
980 1694 1020 1743 11,
1048 1695 1116 1746 qui
1141 1707 1223 1733 ma-

114 1748 308 1787 thematici
326 1754 520 1795 vocantur,
552 1746 696 1798 quanta
714 1746 754 1784 in
780 1747 1006 1786 obscuritate
1024 1761 1165 1796 rerum,
1187 1756 1223 1787 01

111 1814 231 1854 quam
249 1800 474 1840 recondita‘
464 1813 504 1840 m
523 1807 602 1838 arte
620 1807 658 1838 et
674 1800 878 1851 multiplici
896 1801 1114 1852 subtilique,
1142 1815 1222 1839 ver-

114 1862 266 1894 sentur.
256 1857 275 1884 ⁹
303 1867 381 1907 quo
407 1861 534 1892 tamen
560 1853 600 1891 in
619 1865 755 1904 genere
778 1854 833 1891 ita
849 1854 962 1892 multi
981 1854 1135 1905 perfecti
1154 1854 1222 1891 ho-

111 1909 234 1947 mines
252 1908 488 1955 exstiterunt,
517 1914 562 1945 ut
579 1919 691 1945 nemo
709 1907 786 1944 fere
804 1907 990 1945 studuisse
1009 1907 1041 1945 ei
1061 1908 1223 1945 scientiae

113 1962 372 2000 vehementius
390 1961 575 2007 videatur,
595 1960 703 2011 quin,
723 1960 826 2011 quod
852 1961 1024 2007 voluerit,
1045 1973 1221 1998 consecu-

116 2022 178 2054 tus
203 2015 261 2053 sit.
304 2014 404 2063 Quis
429 2014 596 2062 musicis,
626 2014 711 2064 quis
737 2014 825 2051 huic
857 2014 981 2051 studio
1009 2014 1217 2058 literarum,

115 2068 217 2119 quod
235 2067 485 2119 profitentur
475 2068 502 2104 1i
521 2067 587 2117 qui
605 2067 841 2117 grammatici
862 2080 938 2105 voc
929 2074 1054 2112 mtur,
1070 2066 1220 2117 penitus

117 2134 156 2159 se
168 2121 325 2169 dedidit,
354 2121 447 2173 quin
466 2133 619 2159 onmem
639 2120 790 2158 illarum
810 2120 949 2156 artium
968 2131 1074 2170 p‘vnc
1093 2120 1220 2156 infini-

115 2181 194 2213 tam
221 2175 299 2214 vim
327 2181 363 2213 ct
392 2173 590 2213 materiam
616 2173 777 2215 scicntia:
803 2172 1025 2262 coggatione
1050 2185 1220 2224 compre-

814 2237 849 2264 m
