1429 2344
189 100 264 140 196
345 100 422 139 DE
452 99 745 149 ORATORE,
776 100 874 139 Lm.
892 100 950 139 ΙΙ.
981 99 1084 140 CAP.
1101 101 1140 139 5.

183 207 225 245 111
244 207 372 259 aliquo
390 222 524 259 genere
547 216 614 246 aut
637 209 882 247 inconcinnus
907 216 974 248 aut
997 209 1142 247 multus
1168 213 1236 254 est,
1262 206 1294 244 is

186 261 336 312 ineptus
355 262 502 300 dicitur.
544 262 630 300 Hoc
650 262 740 300 vitio
759 263 953 301 cumulata
971 270 1025 301 est
1044 261 1296 301 eruditissima

185 314 253 352 illa
273 315 493 354 Graecorum
512 316 639 354 natio:
669 316 810 367 itaque,
835 317 937 367 quod
961 316 1039 354 vim
1064 315 1179 365 hujus
1203 314 1297 352 mali

187 368 312 406 Graeci
336 381 414 408 non
433 370 574 417 vident,
595 382 643 408 ne
669 382 807 408 nomen
834 370 990 421 quidem
1013 370 1046 408 ei
1064 369 1156 407 vitio
1173 369 1296 419 impo-

185 429 369 461 suerunt:
409 430 452 461 ut
481 424 583 461 enim
610 437 756 474 quaeras
783 424 924 471 omnia,
953 423 1144 474 quomodo
1173 422 1297 461 Graeci

184 474 359 536 ineptum
388 477 593 527 appellent,
624 489 701 514 non
729 477 900 528 reperies.
949 477 1138 515 Omnium
1166 484 1294 514 autem

184 528 429 579 ineptiarum,
458 534 561 581 (quae
588 538 676 568 sunt
700 531 1010 591 innumerabiles)
1033 530 1138 568 haud
1155 530 1230 568 scio
1247 542 1297 567 an

188 580 335 643 [nulla]
358 584 406 622 sit
419 585 556 633 major,
573 597 689 635 quam
707 583 861 622 illorum
881 584 947 635 qui
961 585 1094 632 solent,
1111 596 1294 635 quocum-

187 649 263 687 que
275 637 318 674 in
336 638 432 685 loco,
453 651 714 689 quoscumque
732 638 829 676 inter
842 638 1014 675 homines
1028 637 1152 675 visum
1168 644 1236 683 est,
1250 637 1297 674 de

186 691 299 728 rebus
318 698 385 728 aut
399 691 630 729 difficillimis
645 699 711 729 aut
725 704 801 729 non
816 691 1044 739 necessariis,
1060 691 1297 741 argutissime

186 743 390 795 disputare.
425 745 513 783 Hoc
532 759 600 783 nos
619 747 666 783 ab
685 745 766 783 istis
784 745 1082 783 adolescentibus
1099 745 1220 784 facere
1237 744 1296 782 in-

187 797 256 836 viti
275 806 312 836 et
329 806 540 837 recusantes
560 799 640 837 heri
659 800 775 837 coacti
794 812 937 837 sumus.

239 851 291 890 V.
332 852 440 891 Tum
473 853 647 900 Catulus,
686 854 750 891 Ne
788 853 912 891 Graeci
948 852 1118 904 quidem,
1155 852 1295 904 inquit,

187 905 334 955 Crasse,
355 906 422 957 qui
440 907 480 944 in
499 907 714 945 civitatibus
729 907 805 945 suis
823 907 914 945 clari
933 914 969 945 et
983 907 1114 957 magni
1127 906 1296 954 fuerunt,

185 959 296 998 sicuti
314 967 356 997 tu
376 973 428 1008 es,
448 973 593 1011 nosque
611 973 742 998 omnes
760 961 800 998 in
818 961 947 998 nostra
971 960 1165 1011 republica
1189 960 1297 998 volu-

186 1026 274 1051 mus
289 1027 380 1061 esse,
396 1013 534 1052 horum
551 1014 787 1063 Graecorum,
803 1014 871 1065 qui
886 1027 924 1052 se
937 1015 1129 1052 inculcant
1142 1014 1298 1052 auribus

184 1067 335 1115 nostris,
357 1068 498 1106 similes
516 1068 695 1106 fuerunt:
722 1081 790 1106 nec
808 1076 936 1105 tamen
955 1068 994 1105 in
1013 1068 1090 1106 otio
1108 1079 1298 1105 sermones

184 1121 421 1170 hujusmodi,
448 1121 809 1172 disputationesque,
835 1121 1044 1171 fugiebant.
1084 1121 1148 1159 Ac
1172 1121 1202 1158 si
1228 1121 1297 1159 tibi

184 1175 373 1223 videntur,
404 1175 471 1226 qui
498 1176 691 1227 temporis,
721 1176 788 1226 qui
814 1175 901 1223 loci,
928 1175 995 1226 qui
1016 1175 1218 1212 hominum
1237 1188 1297 1212 ra-

183 1229 327 1266 tionem
346 1240 422 1266 non
441 1228 596 1277 habent,
617 1229 750 1280 inepti,
771 1229 867 1267 sicut
882 1229 1020 1267 debent
1033 1228 1175 1273 videri;
1201 1241 1296 1266 num

183 1282 340 1320 tandem
367 1289 434 1319 aut
461 1283 565 1320 locus
592 1283 654 1320 hic
680 1295 756 1320 non
782 1283 939 1321 idoneus
964 1283 1126 1329 videtur,
1152 1282 1192 1320 in
1220 1296 1297 1334 quo

183 1336 350 1387 porticus
374 1336 454 1373 haec
478 1336 573 1387 ipsa,
601 1336 669 1374 ubi
696 1337 954 1384 ambulamus,
983 1344 1021 1374 et
1046 1336 1233 1387 palaestra,
1260 1343 1297 1374 et

182 1397 239 1428 tot
266 1390 357 1428 locis
385 1389 576 1438 sessiones,
604 1390 891 1442 gymnasiorum
916 1397 953 1428 et
978 1390 1198 1428 Graecarum
1221 1389 1296 1428 dis-

182 1444 427 1495 putationum
456 1445 681 1481 memoriam
711 1442 993 1495 quodammodo
1025 1451 1264 1481 commovent
1278 1446 1296 1482 ?

183 1505 252 1535 aut
273 1498 538 1548 importunum
561 1505 712 1548 tempus
738 1498 778 1534 in
803 1505 909 1535 tanto
927 1497 1017 1545 otio,
1038 1497 1141 1548 quod
1159 1506 1197 1535 et
1214 1510 1298 1535 raro

181 1551 307 1599 datur,
336 1558 373 1589 et
399 1564 500 1589 nunc
525 1558 720 1602 peroptato
747 1551 855 1589 nobis
877 1551 1012 1589 datum
1031 1552 1116 1589 est?
1144 1558 1211 1588 aut
1228 1550 1297 1589 ho-

181 1605 304 1643 mines
330 1606 378 1642 ab
403 1605 475 1642 hoc
497 1618 632 1655 genere
651 1605 914 1655 disputationis
933 1604 1060 1652 alieni,
1080 1604 1148 1655 qui
1165 1617 1296 1642 omnes

179 1658 221 1696 hi
240 1671 387 1705 sumus,
408 1665 451 1695 ut
470 1659 549 1696 sine
567 1659 626 1696 his
645 1658 776 1696 studiis
795 1659 913 1696 vitam
927 1659 1075 1695 nullam
1090 1671 1168 1695 esse
1181 1657 1296 1695 duca-

180 1714 300 1750 mus?
344 1711 489 1750 Omnia
518 1712 603 1759 ista,
633 1712 759 1762 inquit
785 1711 957 1759 Crassus,
985 1724 1055 1761 ego
1082 1711 1156 1749 alio
1180 1711 1296 1749 modo

180 1766 418 1816 interpretor,
439 1765 506 1816 qui
524 1765 695 1816 primum
713 1765 940 1815 palaestram,
961 1771 998 1802 et
1016 1763 1133 1812 sedes,
1154 1771 1191 1802 et
1208 1777 1296 1815 por-

181 1819 290 1866 ticus,
312 1818 426 1856 etiam
453 1819 566 1869 ipsos,
588 1818 737 1865 Catule,
766 1818 931 1865 Graecos,
959 1817 1233 1856 exercitationis
1259 1826 1297 1856 et

180 1872 437 1911 delectationis
456 1873 583 1921 causa,
604 1885 681 1909 non
699 1871 978 1922 disputationis,
994 1871 1180 1910 invenisse
1195 1872 1296 1909 arbi-

179 1934 268 1964 tror.
311 1926 417 1963 Nam
443 1933 479 1963 et
504 1925 649 1963 saeculis
668 1925 800 1963 multis
819 1932 906 1963 ante
924 1924 1122 1985 gymnasia
1141 1925 1295 1964 inventa

180 1987 285 2040 sunt,
313 1992 430 2030 quam
455 1980 496 2017 in
525 1980 584 2017 his
609 1979 824 2030 philosophi
854 1978 995 2029 garrire
1023 1986 1230 2030 coeperunt,
1258 1986 1294 2017 et

178 2034 250 2071 hoc
274 2033 358 2084 ipso
383 2040 565 2085 ternpore,
593 2044 680 2070 cum
704 2032 832 2070 omnia
853 2032 1052 2083 gymnasia
1076 2032 1294 2083 philosophi

179 2093 345 2135 teneant,
362 2094 488 2125 tamen
503 2099 633 2124 eorum
649 2086 838 2123 auditores
851 2085 998 2124 discum
1013 2085 1158 2133 audire,
1175 2099 1292 2136 quam

178 2140 463 2192 philosophum,
494 2140 671 2185 malunt;
711 2139 778 2190 qui
805 2139 921 2178 simul
952 2146 995 2176 ut
1021 2139 1223 2190 increpuit,
1252 2139 1292 2176 in

179 2194 304 2233 media
323 2194 489 2233 oratione
508 2194 554 2233 de
573 2193 751 2232 maximis
770 2195 882 2232 rebus
902 2200 937 2231 et
962 2192 1193 2244 gravissimis
1217 2192 1294 2231 dis-
