1407 2324
197 71 276 112 DE
295 71 590 123 ORATORE,
621 72 719 111 Lm.
741 71 824 111 111.
854 70 958 110 CAP.
978 68 1042 113 47.
1098 66 1177 105 339

75 188 151 215 non
170 179 280 227 rami,
299 192 376 218 non
394 180 487 219 folia
503 187 593 218 sunt
610 179 788 231 denique,
809 178 881 216 nisi
899 177 947 215 ad
966 187 1074 214 suam
1092 173 1181 212 reti-

76 231 241 270 nendam
269 234 637 284 conservandamque
665 242 840 270 naturam
856 234 873 270 ?
902 241 1092 281 nusquam
1125 234 1183 264 ta-

78 295 167 322 men
197 293 252 324 est
282 287 362 325 ulla
389 301 489 338 pars,
523 287 595 325 nisi
625 294 792 326 venusta.
840 285 1082 336 Linquamus
1113 292 1181 318 na-

79 342 219 386 turam,
239 347 411 392 artesque
430 341 635 378 videamus.
666 340 773 387 Quid
792 347 870 377 tam
889 339 929 375 in
949 336 1099 387 navigio
1114 346 1181 371 ne-

77 392 292 441 cessarium,
313 407 431 445 quam
444 395 574 442 latera,
595 407 711 445 quam
726 405 907 440 cavernae,
924 403 1040 442 quam
1055 400 1180 440 prora,

80 456 197 495 quam
235 447 389 498 puppis,
421 461 538 499 quam
569 456 755 494 antennae,
786 458 903 497 quam
940 444 1036 491 vela,
1066 453 1184 493 quam

79 498 172 535 mali
187 500 204 536 Ρ
224 513 310 550 quae
328 509 455 539 tamen
474 502 572 539 hanc
591 502 731 539 habent
744 501 784 537 in
800 499 920 550 specie
934 503 1184 542 venustatem,

80 557 124 587 ut
142 563 218 589 non
237 554 361 591 solum
380 555 524 599 salutis,
546 554 610 592 sed
629 555 743 592 etiam
762 551 965 603 voluptatis
979 550 1104 596 causa,
1125 548 1185 585 in-·

81 612 194 642 venta
212 619 290 644 esse
309 608 517 646 videantur.
548 608 747 646 Columnae
762 614 798 644 et
813 605 956 656 templa
971 611 1008 641 et
1021 602 1186 654 porticus

82 658 291 698 sustinent:
322 668 449 699 tamen
474 662 615 700 habent
640 674 716 699 non
742 661 828 711 plus
856 657 1042 704 utilitatis,
1069 667 1187 706 quam

80 710 286 760 dignitatis.
328 715 507 765 Capitolii
536 715 732 764 fastigium
761 713 872 761 illud,
903 720 940 750 et
966 718 1186 749 caeterarum

83 764 239 814 aedium,
264 780 340 806 non
359 776 547 815 venustas,
575 768 639 806 sed
664 767 861 805 necessitas
886 766 980 816 ipsa,
1008 763 1191 801 fabricata

83 825 162 855 est:
193 831 282 858 nam
302 834 390 859 cum
410 830 503 859 esset
521 822 651 859 habita
669 821 777 868 ratio,
798 816 1122 871 quemadmodum
1141 827 1189 852 ex

83 872 246 923 utraque
261 875 348 912 tecti
361 883 466 925 parte
481 888 581 926 aqua
594 875 828 912 delaberetur
842 887 854 918 ς
874 872 1077 910 utilitatem
1092 877 1189 906 tem-

83 924 139 974 pli
159 924 298 977 fastigii
316 928 479 978 dignitas
498 935 695 966 consecuta
711 935 789 971 est3
811 933 867 973 ut,
884 923 1031 963 etiamsi
1045 923 1085 959 in
1097 922 1189 959 coelo

83 984 322 1028 statueretur,
349 982 418 1018 ubi
443 981 565 1019 imber
591 994 667 1018 esse
686 993 763 1018 non
782 985 920 1030 posset,
940 977 1089 1015 nullam
1109 975 1189 1013 sine

83 1030 235 1082 fastigio
254 1033 477 1084 dignitatem
495 1035 718 1072 habiturum
737 1046 814 1071 esse
833 1032 1014 1071 videatur.

138 1084 225 1123 Hoc
243 1086 283 1124 in
302 1088 479 1126 omnibus
497 1088 588 1126 item
607 1088 777 1138 partibus
795 1085 972 1124 orationis
991 1082 1127 1129 evenit,
1147 1088 1194 1119 ut

83 1137 302 1188 utilitatem,
329 1154 372 1179 ac
396 1154 513 1192 prope
531 1141 803 1187 necessitatem,
831 1139 994 1177 suavitas
1013 1135 1191 1188 quaedam

85 1197 123 1229 et
147 1191 251 1243 lepos
276 1202 537 1246 consequatur.
585 1194 785 1232 Clausulas
806 1193 922 1240 enim,
947 1198 1061 1242 atque
1079 1189 1195 1226 inter-

83 1253 226 1296 puncta
245 1249 460 1296 verborum,
481 1248 618 1286 animae
636 1247 851 1285 interclusio
870 1253 983 1296 atque
1008 1242 1193 1293 angustiae

85 1299 237 1349 spiritus
251 1302 470 1339 attulerunt.
512 1302 559 1339 Id
578 1301 776 1338 inventum
791 1300 844 1337 ita
862 1306 917 1336 est
936 1309 1063 1344 suave,
1084 1302 1141 1343 ut,
1163 1294 1195 1332 si

87 1352 149 1389 cui
167 1352 215 1390 sit
232 1353 402 1392 infinitus
421 1355 573 1405 spiritus
587 1354 711 1401 (latus,
728 1361 855 1390 tamen
870 1365 959 1390 eum
973 1356 1196 1401 perpetuare

88 1407 203 1443 verba
221 1407 409 1446 nolimus:
439 1408 479 1445 id
498 1408 599 1446 enim
619 1407 773 1445 auribus
799 1405 934 1443 nostris
960 1411 1112 1454 gratum
1139 1408 1195 1439 est

88 1458 301 1508 inventum,
333 1461 435 1512 quod
464 1461 665 1500 hominum
690 1460 872 1498 lateribus
897 1470 974 1496 non
1000 1455 1196 1495 tolerabile

87 1512 227 1560 solum,
247 1514 312 1552 sed
331 1515 444 1552 etiam
463 1515 586 1561 facile,
607 1527 684 1552 esse
703 1519 838 1564 posset.

143 1565 322 1606 XLVII.
353 1568 595 1619 Longissima
613 1575 668 1605 est
686 1567 801 1617 igitur
828 1563 1040 1616 complexio
1065 1563 1198 1601 verbo-

88 1631 192 1668 rum,
221 1634 307 1672 quae
325 1622 426 1660 volvi
444 1634 522 1659 uno
540 1621 675 1672 spiritu
701 1627 834 1671 potest.
878 1618 953 1658 Sed
971 1617 1033 1655 hic
1051 1622 1198 1654 naturae

89 1672 227 1712 modus
245 1682 315 1723 est,
330 1675 420 1713 artis
435 1675 555 1712 alius:
577 1687 668 1711 nam
683 1687 771 1712 cum
791 1673 865 1711 sint
879 1671 1029 1710 numeri
1043 1670 1197 1721 plures;

89 1725 263 1765 iambum
282 1735 319 1766 et
333 1729 538 1767 trochaeum
553 1727 791 1778 frequentem
808 1731 978 1776 segregat
991 1726 1038 1762 ab
1053 1730 1199 1761 oratore

89 1779 330 1830 Aristoteles,
351 1781 501 1829 Catule,
523 1789 655 1829 vester,
680 1781 747 1832 qui
772 1779 909 1818 natura
927 1787 1054 1816 tamen
1073 1777 1201 1813 incur-

91 1841 183 1871 runt
207 1834 279 1885 ipsi
304 1835 344 1872 in
371 1835 579 1873 orationem
599 1846 888 1885 sermonemque
906 1839 1104 1874 nostrum3
1135 1827 1200 1888 sed

92 1895 181 1925 sunt
194 1888 359 1939 insignes
373 1888 628 1939 percussiones
643 1901 774 1925 eorum
790 1897 1052 1930 numerorum,
1073 1889 1109 1920 et
1127 1893 1201 1918 mi-

92 1941 177 1978 nuti
195 1942 319 1992 pedes.
349 1942 478 1989 Quare
497 1941 665 1993 primum
684 1941 733 1978 ad
750 1941 909 1978 heroum
929 1950 996 1975 nos
1010 1934 1150 1986 dactyli
1164 1940 1203 1971 et

94 1995 275 2045 anapaesti
293 2002 331 2033 et
348 1995 505 2046 spondei
529 1994 666 2045 pedem
692 1994 853 2039 invitat3
883 1993 922 2029 in
942 2002 1018 2042 quo
1043 1989 1203 2039 impune

94 2048 270 2098 progredi
294 2049 382 2087 licet
406 2048 484 2087 duo
509 2048 697 2086 duntaxat
721 2047 849 2098 pedes,
881 2052 948 2082 aut
966 2042 1081 2094 paulo
1099 2041 1202 2092 plus,

96 2112 146 2138 ne
164 2101 277 2151 plane
293 2101 335 2140 in
354 2114 505 2141 versum
523 2108 590 2139 aut
609 2100 899 2139 similitudinem
914 2108 1091 2136 versuum
1109 2093 1203 2132 inci-

98 2153 246 2193 damus.
293 2155 396 2194 Aliae
423 2161 513 2195 sunt
543 2154 720 2205 geminae,
754 2153 894 2204 quibus
925 2151 965 2189 hi
998 2157 1071 2188 tres
1102 2146 1207 2186 heroi
