1429 2344
192 87 268 124 430
312 85 387 124 DE
409 86 613 125 CLARIS
634 87 1025 137 ORATORIBUS,
1044 88 1148 126 CAP-
1167 88 1231 126 80.

190 193 291 244 quod
310 194 441 231 multis
459 195 549 232 locis
567 195 606 232 in
623 195 977 243 jurisconsultorum
1000 195 1206 234 includitur
1228 193 1304 233 for-

190 247 319 294 mulis,
340 247 379 284 id
398 248 466 285 ubi
485 255 593 294 esset,
614 248 777 287 videbat.

246 300 419 339 LXXX.
448 302 665 340 Accedebat
679 302 770 340 ordo
787 315 915 340 rerum
933 302 1068 354 plenus
1087 301 1191 347 artis,
1206 300 1303 339 actio

189 354 367 402 liberalis,
388 362 588 407 totumque
600 356 749 394 dicendi
760 356 955 407 placidum
967 364 1005 394 et
1018 367 1154 393 sanum
1169 367 1302 406 genus.

191 407 308 455 Quod
322 408 354 446 si
372 416 427 446 est
438 410 643 460 optimum,
659 410 822 448 suaviter
841 410 962 448 dicere
975 423 988 456 ς
1008 409 1105 447 nihil
1116 416 1184 456 est,
1201 408 1304 460 quod

190 461 326 499 melius
337 461 409 500 hoc
422 463 669 513 quaerendum
683 471 803 514 putes.
831 463 919 511 Sed,
933 476 1022 501 cum
1034 476 1056 500 a
1069 462 1178 501 nobis
1189 461 1304 513 paulo

192 521 278 553 ante
304 515 449 553 dictum
475 516 535 564 sit,
557 517 629 554 tria
647 517 765 555 videri
790 530 881 565 esse,
901 531 988 568 quae
1012 524 1136 555 orator
1160 515 1304 554 efficere

192 568 357 616 deberet,
378 577 422 608 ut
440 569 601 618 doceret,
626 579 669 608 ut
696 571 908 618 delectaret,
935 578 980 609 ut
1003 576 1196 615 moveret3
1226 569 1304 607 duo

192 635 341 660 summe
370 624 505 670 tenuit,
537 631 581 662 ut
607 631 644 662 et
670 638 750 662 rem
778 625 982 662 iHustraret
1008 623 1236 672 disserendo,
1266 630 1304 661 et

192 676 338 714 animos
367 690 513 723 eorum,
545 678 613 729 qui
646 678 834 725 audirent,
866 678 1071 716 devinciret
1096 677 1303 728 voluptate.

193 729 341 767 Aberat
359 731 468 768 tertia
485 731 553 769 illa
569 732 666 780 laus,
687 732 764 783 qua
781 739 1016 783 permoveret
1040 738 1154 782 atque
1172 730 1304 768 incita-

192 790 250 821 ret
271 784 432 830 animos,
459 798 579 835 quam
603 786 815 837 plurimum
840 786 982 837 pollere
1008 785 1205 830 diximus3
1234 796 1304 822 nec

193 843 272 875 erat
290 837 371 875 ulla
388 838 444 876 vis
461 846 576 890 atque
594 840 782 877 contentio
799 853 809 877 ι
840 840 916 877 51νο
927 838 1096 886 001151110,
1110 837 1213 890 quod
1227 850 1303 885 eos,

193 904 358 941 quorum
376 892 486 930 altior
503 893 635 939 oratio,
655 893 828 954 actioque
846 899 942 931 esset
959 892 1162 940 ardentior,
1181 891 1306 929 furere

193 952 231 982 et
248 945 422 983 bacchari
439 946 707 993 arbitraretur,
737 947 815 985 sive
833 947 936 998 quod
958 946 1096 984 natura
1113 958 1191 983 non
1210 951 1305 983 esset

196 997 250 1035 ita
270 998 405 1044 factus,
427 999 504 1038 sive
523 1000 625 1050 quod
648 1013 724 1038 non
750 1002 976 1047 consuesset,
1001 999 1078 1038 sive
1103 998 1207 1051 quod
1227 1010 1305 1036 non

193 1059 330 1102 posset.
371 1052 459 1090 Hoc
487 1066 610 1090 unum
639 1054 710 1101 illi,
739 1055 771 1092 si
801 1054 898 1092 nihil
927 1053 1100 1091 utilitatis
1126 1053 1304 1100 habebat,

195 1104 344 1151 abfuit3
366 1106 395 1143 si
412 1119 508 1167 opus
521 1114 612 1154 erat,
629 1107 759 1146 defuit.
789 1107 1014 1168 Quinetiam
1026 1106 1199 1155 memini,
1215 1118 1305 1144 cum

196 1157 235 1195 in
261 1159 494 1197 accusatione
523 1173 592 1197 sua
621 1160 672 1208 Q,
701 1161 828 1199 Gallio
855 1160 1004 1199 crimini
1030 1160 1205 1207 dedisset,
1235 1159 1306 1197 sibi

198 1224 287 1249 eum
306 1225 495 1250 venenum
520 1214 721 1264 paravisse,
741 1214 856 1266 idque
882 1227 905 1252 a
930 1227 968 1252 se
995 1226 1072 1252 esse
1096 1213 1305 1264 deprehen-

196 1277 297 1313 sum,
336 1278 489 1317 seseque
525 1266 786 1327 chirographa,
823 1267 1113 1314 testificationes,
1149 1266 1303 1314 indicia,

195 1319 434 1369 quaestiones,
454 1319 695 1358 manifestam
720 1334 815 1367 rem,
836 1321 979 1359 deferre
1003 1320 1154 1366 diceret,
1182 1320 1306 1371 deque

196 1385 241 1410 eo
268 1373 424 1411 crimine
451 1381 622 1411 accurate
649 1381 686 1412 et
712 1374 898 1425 exquisite
924 1374 1210 1425 disputavisset:
1241 1386 1306 1411 me

196 1426 237 1464 in
255 1426 529 1477 respondendo,
550 1439 638 1464 cum
657 1440 775 1465 essem
794 1434 1093 1478 argumentatus,
1114 1434 1302 1478 quantum

195 1492 253 1517 res
272 1480 438 1525 ferebat3
468 1481 539 1518 hoc
557 1481 685 1532 ipsum
705 1481 818 1519 etiam
833 1482 1000 1532 posuisse
1012 1494 1082 1532 pro
1100 1493 1303 1532 argumen-

196 1540 248 1579 to,
276 1534 379 1584 quod
402 1534 481 1581 ille,
508 1547 596 1571 cum
625 1541 770 1585 pestem
799 1535 930 1586 capitis
955 1535 1028 1582 sui,
1053 1547 1141 1573 cum
1166 1534 1306 1572 indicia

195 1587 340 1635 mortis,
362 1600 401 1625 se
418 1588 642 1638 comperisse
658 1588 873 1634 manifesto,
901 1596 938 1627 et
953 1601 1073 1626 manu
1098 1596 1224 1626 tenere
1248 1587 1307 1625 di-

195 1646 307 1687 ceret,
327 1647 406 1678 tam
425 1641 546 1679 solute
563 1641 711 1691 egisset,
730 1650 811 1680 tam
828 1643 976 1689 leniter,
996 1649 1075 1680 tam
1090 1642 1302 1680 oscitanter.

198 1696 226 1715 “
247 1693 312 1730 Tu
342 1694 452 1742 istuc,
485 1694 545 1731 M.
575 1695 712 1742 Calidi,
747 1696 819 1733 nisi
849 1695 1021 1746 fingeres,
1056 1695 1109 1733 sic
1138 1708 1267 1746 ageres
1284 1697 1303 1733 Ρ

194 1747 402 1797 praesertim
421 1760 508 1784 cum
528 1748 600 1785 ista
625 1749 839 1809 eloquentia
863 1750 1074 1787 alienorum
1099 1748 1301 1786 hominum

194 1799 361 1850 pericula
378 1800 575 1839 defendere
589 1802 766 1840 acerrime
784 1803 915 1850 soleas,
931 1810 1042 1840 tuum
1061 1801 1300 1852 negligeres?

195 1853 277 1891 Ubi
295 1853 432 1892 dolor?
460 1854 527 1892 ubi
546 1855 656 1892 ardor
673 1856 806 1902 animi,
827 1857 895 1907 qui
909 1856 1022 1894 etiam
1033 1869 1080 1894 ex
1093 1855 1301 1892 infantium

195 1906 355 1957 ingeniis
376 1907 506 1946 elicere
525 1921 631 1946 voces
657 1916 693 1946 et
719 1910 888 1960 querelas
913 1910 1039 1948 solet?
1069 1908 1193 1946 Nulla
1215 1922 1300 1960 per-

196 1961 360 2013 turbatio
378 1960 510 2009 animi,
530 1963 638 1999 nulla
662 1963 852 2014 corporis,
881 1962 984 2001 frons
1009 1974 1084 2000 non
1110 1975 1300 2013 percussa,

195 2025 271 2051 non
297 2014 448 2052 femur:
477 2015 582 2066 pedis
609 2018 651 2066 (q
652 2016 728 2053 uod
753 2016 957 2054 minimum
985 2023 1055 2064 est)
1078 2016 1186 2053 nulla
1210 2028 1300 2067 sup-

194 2067 324 2127 plosio.
356 2067 492 2119 Itaque
509 2075 658 2106 tantum
677 2069 813 2114 abfuit,
830 2076 873 2107 ut
885 2070 1141 2107 inflammares
1155 2076 1300 2107 nostros

190 2120 363 2167 animos3
394 2133 573 2160 somnum
589 2122 661 2161 isto
677 2122 760 2161 loco
777 2123 841 2162 vix
862 2123 1125 2162 tenebamus.”
1153 2122 1218 2161 Sic
1232 2134 1300 2160 nos
