1428 2308
196 103 273 142 DE
294 101 677 151 INVENTIONE‚
709 101 806 140 Lm.
829 103 885 140 11.
916 103 1021 141 CAP.
1045 103 1081 140 6.
1139 105 1191 141 65

97 211 238 259 omnia,
265 210 305 247 in
331 210 469 261 quibus
494 210 643 247 animus
662 209 714 246 ita
732 209 878 247 videtur
896 209 1049 247 affectus
1068 210 1195 258 fuisse,

97 271 142 302 ut
159 276 240 302 rem
253 263 459 314 perspicere
473 275 560 300 cum
579 262 732 300 001151110
752 271 787 300 01
806 276 896 300 cura
914 275 989 300 non
1008 264 1197 313 potuerit3

99 324 137 355 et
154 316 207 365 id,
228 316 330 376 quod
349 316 449 364 fecit,
468 315 613 366 impetu
629 315 793 366 quodam
807 316 925 353 animi
939 317 1063 367 potius
1083 330 1199 366 quam

101 370 324 420 cogitatione
352 369 490 407 fecerit.
531 369 781 406 Ratiocinatio
806 377 933 407 autem
960 377 1014 407 est
1041 369 1200 420 (111180115

102 431 138 461 01
157 423 386 461 001151ἀο1313
404 422 564 460 faciendi
583 422 740 472 aliquid,
761 433 826 460 aut
845 435 920 460 non
940 422 1113 468 faciendi,
1135 436 1200 460 ex-

102 476 289 526 cogitatio.
329 476 390 514 Ea
418 476 554 513 dicitur
578 475 789 513 interfuisse
819 484 915 523 tum,
942 489 1030 527 cum
1055 476 1199 526 aliquid

103 529 332 577 faciendum,
360 536 426 567 aut
450 541 525 567 non
551 529 778 576 faciendum,
806 530 906 566 certa
931 528 977 566 de
1004 530 1116 566 031153
1146 529 1202 566 vi·-

103 583 213 631 tasse,
233 590 300 620 aut
318 590 465 620 secutus
484 595 574 631 esse,
602 582 750 619 animus
769 582 940 626 videtur;
971 590 1027 629 ut,
1057 582 1087 619 si
1106 583 1201 619 ami-

101 636 198 674 citiae
216 635 310 686 quid
327 636 439 674 causa
452 635 595 673 factum
610 635 766 682 dicetur,
787 636 816 673 si
831 635 974 672 inimici
988 635 1203 683 ulciscendi,

103 689 135 727 si
153 692 288 737 metus,
309 689 339 726 si
357 689 498 740 gloriae,
519 689 550 726 si
568 689 749 739 pecuniae,
771 689 800 725 si
819 688 993 738 denique,
1014 696 1058 726 ut
1076 689 1204 726 omnia

103 742 310 792 generatim
329 743 614 793 amplectamur,
636 742 795 790 alicujus
808 741 1005 790 retinendi,
1026 741 1202 791 augendi,

106 795 379 846 adipiscendive
398 795 599 842 commodi,
626 802 691 832 aut
710 802 838 832 contra
854 795 1059 843 rejiciendi,
1085 794 1204 832 demi-

106 848 261 896 nuendi,
290 848 524 887 devitandive
548 847 776 885 incommodi
795 849 929 885 causa:
960 860 1049 884 nam
1067 848 1203 885 horum

107 902 147 939 in
171 914 289 952 genus
315 902 539 939 alterutrum
556 901 622 938 1113
640 914 791 962 quoque
808 901 986 949 incident,
1007 901 1046 937 in
1067 900 1205 950 quibus

105 962 173 993 aut
199 955 484 993 incommodum
512 955 679 1015 aliquod,
710 954 862 1003 majoris
892 954 1034 992 vitandi
1063 953 1205 991 incom-

106 1008 210 1046 modi
229 1021 354 1057 causa,
383 1015 450 1046 aut
473 1008 625 1057 majoris
643 1007 871 1058 adipiscendi
895 1007 1097 1054 commodi,
1127 1020 1206 1044 sus-

106 1061 267 1112 cipitur,
288 1068 354 1099 aut
367 1061 610 1099 commodum
624 1061 791 1111 aliquod,
811 1062 963 1109 majoris
978 1060 1205 1111 adipiscendi

107 1114 310 1164 commodi,
343 1121 409 1152 aut
435 1115 588 1164 majoris
606 1114 750 1153 vitandi
773 1114 1017 1163 incommodi,
1051 1122 1203 1164 praeter-

106 1175 194 1206 Itur.

163 1222 239 1260 Hic
266 1221 369 1260 locus
395 1221 491 1260 sicut
516 1221 669 1272 aliquod
694 1221 987 1259 fundamentum
1013 1228 1067 1258 est
1091 1221 1207 1269 hujus

109 1275 404 1314 constitutionis:
434 1287 525 1313 nam
550 1275 647 1312 nihil
667 1275 811 1313 factum
831 1288 907 1312 esse
926 1275 1103 1325 cuiquam
1122 1287 1207 1324 pro-

109 1331 236 1378 batur,
273 1329 346 1366 nisi
380 1328 538 1379 aliquid,
576 1341 692 1379 quare
723 1329 866 1366 factum
896 1328 956 1375 sit,
987 1327 1207 1365 ostenditur.

109 1382 216 1432 Ergo
233 1388 437 1430 accusator,
457 1394 544 1419 cum
563 1381 707 1432 aliquid
724 1382 950 1432 impulsione
968 1380 1111 1418 factum
1131 1393 1208 1418 esse

108 1435 221 1483 dicet,
251 1435 362 1472 illum
391 1434 591 1485 impetum,
623 1443 660 1472 et
688 1434 893 1486 quamdam
919 1433 1207 1472 commotionem

110 1488 228 1526 animi
246 1487 567 1539 affectionemque,
588 1488 709 1525 verbis
728 1496 764 1525 et
778 1488 968 1525 sententiis
982 1487 1210 1537 amplificare

112 1541 277 1589 debebit,
303 1549 340 1578 et
363 1541 568 1590 ostendere,
596 1548 738 1592 quanta
756 1542 811 1579 vis
830 1541 966 1579 amoris
986 1540 1046 1588 sit,
1067 1547 1209 1591 quanta

111 1595 231 1633 animi
258 1594 490 1645 perturbatio
515 1607 562 1632 ex
588 1594 782 1632 iracundi&⁴
805 1595 886 1642 fiat,
913 1601 979 1631 aut
1005 1607 1051 1631 ex
1081 1593 1209 1643 aliqua

110 1648 223 1686 031153
237 1659 380 1696 aarum,
401 1648 478 1699 qua
495 1647 704 1698 impulsum
723 1648 889 1699 aliquem
906 1647 947 1685 id
960 1647 1086 1684 fecisse
1101 1647 1209 1684 dicet.

113 1701 193 1740 Hic
211 1708 248 1739 et
266 1701 526 1751 exemplorum
544 1702 910 1749 commemoratione,
931 1701 997 1752 qui
1012 1700 1125 1738 simili
1139 1700 1211 1736 im-

113 1755 227 1806 pulsu
252 1754 397 1804 aliquid
421 1754 688 1802 commiserint,
716 1761 753 1792 et
779 1755 1071 1793 similitudinum
1099 1753 1211 1790 colla-

115 1808 229 1856 tione,
249 1814 286 1845 et
302 1807 420 1858 ipsius
438 1807 556 1845 animi
574 1807 777 1846 affectionis
796 1808 1056 1858 explicatione,
1077 1818 1210 1843 curan-

113 1861 209 1898 dum
227 1867 296 1909 051,
316 1868 360 1898 111
376 1873 453 1898 11011
470 1860 612 1898 mirum
630 1861 814 1909 videatur,
835 1861 865 1898 si
884 1861 987 1912 quod
1004 1860 1051 1897 ad
1070 1859 1213 1896 facinus

114 1914 182 1952 tali
200 1914 478 1965 perturbatione
497 1921 706 1952 commotus
724 1915 874 1951 animus
893 1913 1092 1951 accesserit.

167 1967 244 2005 VI.
273 1966 375 2005 Cum
399 1975 526 2004 autem
551 1979 627 2004 non
652 1967 891 2018 impulsione,
919 1979 1050 2005 verum
1069 1964 1213 2002 ratioci-

116 2020 281 2080 natione,
307 2019 474 2071 aliquem
499 2020 728 2059 commisisse
753 2021 846 2072 quid
870 2020 980 2067 dicet,
1001 2018 1092 2070 quid
1110 2030 1212 2055 com-

117 2073 222 2112 modi
246 2073 295 2112 sit
318 2080 480 2122 secutus,
509 2081 574 2112 aut
600 2074 693 2125 quid
717 2073 947 2112 incommodi
971 2071 1121 2122 fugerit,
1150 2069 1214 2107 de-

117 2126 366 2173 monstrabit3
395 2134 432 2165 et
459 2126 499 2164 id
526 2127 693 2178 augebit,
719 2140 836 2178 quam
861 2125 1028 2164 maxime
1063 2122 1212 2175 poterit,

118 2187 177 2229 ut,
205 2179 331 2231 quoad
359 2180 441 2230 ejus
470 2180 550 2220 fieri
579 2180 709 2232 possit,
740 2181 874 2219 idonea
902 2191 1018 2231 quarn
1050 2176 1216 2216 maxime

802 2244 827 2269 G
848 2234 873 2270 3
