1407 2324
176 69 254 108 DE
274 69 478 111 CLARIS
497 69 882 116 ORATORIBUS,
904 68 1009 108 CAP.
1022 71 1084 107 85.
1114 69 1192 107 435

89 176 274 223 solidum,
294 185 331 216 et
348 178 573 216 exsiccatum
596 190 715 239 genus
739 176 914 215 orationis
932 177 1106 227 probant,
1126 186 1195 212 nec

96 228 164 267 illo
176 231 344 280 graviore
361 239 493 269 ornatu
509 232 667 269 oratorio
682 238 852 276 utuntur,
870 238 908 267 et
920 230 990 267 hoc
1000 228 1197 279 proprium

98 294 178 320 esse
196 283 409 322 Atticorum
427 285 710 329 volunt31ecte
727 283 895 321 laudant.
928 283 999 320 Est
1018 282 1133 329 enim,
1155 281 1195 318 in

97 341 176 373 arte
188 337 308 383 tanta,
328 345 482 398 tamque
500 338 616 383 varia,
637 337 749 374 etiam
767 337 856 374 huic
873 336 1030 373 minutae
1049 334 1196 372 subtili-

99 388 168 425 tati
184 389 315 428 locus:
345 391 398 428 ita
414 391 492 438 fiet,
512 398 556 428 ut
573 402 647 428 non
669 402 811 434 omnes,
833 390 899 440 qui
917 388 1059 435 Attice,
1078 387 1192 424 iidem

98 441 218 487 bene3
248 443 325 489 sed,
346 451 388 481 ut
408 456 552 489 omnes,
573 444 640 494 qui
657 445 765 488 bene,
784 443 899 480 iidem
919 442 1032 479 etiam
1050 440 1193 486 Attice,

96 470 234 532 (1183111.
262 470 335 534 Sed
353 497 547 535 redeamus
565 509 691 534 rursus
710 496 757 533 ad
778 496 815 532 H
821 504 1037 533 ortensium,

150 547 370 586 LXXXV.
398 551 496 588 Sane
522 549 690 600 quidem,
719 549 843 599 inquit
861 549 1030 591 Brutus;
1061 559 1197 597 quam-

96 613 213 650 quam
231 602 301 640 ista
319 603 414 640 mihi
432 611 498 640 tua
515 602 587 640 fuit
605 602 837 652 perjucunda
864 615 886 639 a
908 600 1096 651 proposita
1115 612 1197 637 ora-

98 653 198 692 tione
229 655 416 706 digressio.
456 656 562 693 Tum
583 656 752 702 Atticus,
771 654 987 705 Aliquoties
1017 666 1116 698 sum,
1137 652 1197 689 in-

96 707 194 756 quit,
215 717 383 756 conatus,
396 708 459 746 sed
468 709 703 759 interpellare
720 708 837 745 nolui
867 708 906 745 N
909 719 996 753 unc,
1016 706 1197 757 quoniam

98 759 146 796 ad
165 762 416 810 perorandum
440 770 603 813 spectare
630 762 776 799 videtur
793 773 913 798 sermo
930 768 1032 806 tuus,
1057 759 1195 805 dicam,

99 813 245 862 opinor,
265 815 367 865 000(1
394 815 524 853 sentio.
564 815 628 852 Tu
649 827 749 862 vero,
769 814 940 864 inquam,
963 813 1012 850 Ti
1016 821 1061 849 te.
1091 812 1199 848 'lum

99 865 177 912 ille,
192 867 292 917 Ego,
311 867 449 919 inquit,
461 868 620 906 ironiam
639 868 759 914 illam,
780 880 894 917 quam
912 867 950 903 in
971 867 1120 904 Socrate
1140 865 1198 901 di-

100 927 191 957 cunt
219 920 347 966 fuisse,
367 935 444 971 qua
467 921 531 958 ille
553 921 592 958 in
619 920 788 958 Platonis
812 927 849 957 et
867 918 1130 969 Xenophontis
1162 925 1199 955 et

101 972 294 1011 AEschinis
304 974 409 1012 libris
420 974 552 1020 utitur,
565 973 723 1011 facetam
735 980 772 1011 et
784 973 991 1023 elegantem
1005 979 1122 1022 puto·
1145 978 1200 1008 est

102 1025 202 1063 enim
231 1033 268 1063 et
296 1027 453 1064 minime
476 1027 594 1091 inepti
618 1026 795 1073 hominis,
827 1034 863 1063 et
887 1025 1057 1074 ejusdem
1086 1024 1200 1061 etiam

101 1078 225 1126 faceti,
241 1092 328 1117 cum
346 1079 426 1117 (185
410 1079 592 1131 sapientia
610 1079 850 1130 disceptetur,
868 1079 966 1117 hanc
985 1077 1083 1116 sibi
1074 1089 1200 1127 ipsum

100 1131 305 1180 detrahere,
321 1133 372 1170 eis
385 1133 547 1171 tribuere
563 1132 800 1179 illudentem,
821 1132 888 1182 qui
906 1143 988 1169 eam
1008 1130 1078 1168 sibi
1095 1142 1197 1167 arro-

100 1192 218 1234 gant;
245 1192 303 1231 ut,
322 1186 424 1236 apud
443 1186 655 1231 Platonem,
676 1186 844 1224 Socrates
868 1185 907 1222 in
927 1185 1062 1222 coelum
1095 1182 1200 1220 effert

104 1237 280 1276 laudibus
298 1239 559 1289 Protagoram,
586 1238 788 1288 Hippiam,
818 1238 1036 1282 Prodicum,
1065 1235 1203 1285 Gorgi-

103 1303 182 1338 am,
202 1298 373 1336 caeteros3
403 1304 443 1329 se
467 1299 595 1329 autem
613 1291 786 1328 omnium
805 1303 931 1328 rerum
950 1289 1109 1327 inscium
1128 1288 1200 1325 fin-

103 1342 160 1393 git
178 1351 215 1381 et
232 1344 376 1381 rudem.
403 1344 523 1382 Decet
540 1345 610 1382 hoc
628 1343 752 1381 nescio
770 1343 959 1403 000111οᾶ0
976 1343 1111 1379 illum:
1133 1353 1201 1379 nec

104 1397 285 1447 Epicuro,
301 1397 369 1447 qui
387 1397 427 1434 id
445 1397 695 1457 reprehendit,
712 1397 902 1434 assentior.
931 1395 1019 1441 Sed,
1033 1396 1073 1432 in
1086 1394 1143 1432 his
1127 1402 1201 1431 cto-

104 1449 174 1509 ria,
199 1463 277 1500 qua
305 1458 348 1487 tu
376 1463 414 1488 es
435 1463 525 1488 usus
553 1450 593 1486 in
621 1449 726 1486 omni
753 1461 936 1496 sermone,
957 1461 1058 1495 cum,
1079 1447 1202 1498 qualis

102 1503 264 1554 0015008
287 1510 410 1541 orator
438 1503 580 1551 fuisset,
609 1514 824 1552 exponeres,
854 1502 952 1548 ν1(18,
981 1514 1122 1552 quaeso,
1142 1500 1201 1537 in-

101 1555 200 1605 quit,
227 1567 274 1593 ne
291 1562 370 1594 tam
387 1555 691 1607 reprehendenda
708 1555 755 1593 sit
781 1555 913 1604 ironia,
935 1567 1052 1606 quam
1069 1554 1110 1591 in
1129 1560 1200 1591 tes-

102 1608 269 1646 timonio.

165 1661 352 1709 Quorsus,
395 1663 568 1714 inquam,
605 1663 731 1701 istuc?
770 1675 845 1701 non
882 1662 983 1700 enim
1018 1660 1202 1711 intelligo.

100 1713 206 1760 Quia
223 1715 405 1765 primum,
436 1716 574 1767 inquit,
593 1716 646 1755 ita
676 1715 876 1753 laudavisti
907 1715 1092 1765 quosdam
1119 1726 1205 1751 ora-

103 1774 213 1814 tores,
232 1776 277 1806 ut
286 1768 478 1819 imperitos
496 1781 620 1820 posses
634 1769 672 1806 in
689 1781 851 1807 errorem
862 1768 1049 1805 inducere.
1078 1766 1204 1816 Equi-

102 1819 234 1866 dem,'
223 1832 264 1858 m
283 1821 524 1871 quibusdam,
544 1821 660 1859 risum
680 1822 744 1859 vix
763 1823 952 1869 tenebam,
971 1833 1059 1858 cum
1075 1819 1202 1857 Attico

102 1872 230 1923 Lysiae
248 1873 431 1912 Catonem
449 1881 620 1912 nostrum
638 1876 894 1934 comparabas,
910 1885 1109 1923 magnum,
1121 1885 1202 1909 me-

103 1925 267 1974 hercule,
290 1926 499 1975 hominem,
519 1928 579 1965 vel
596 1927 722 1978 potius
749 1940 945 1964 summum
971 1933 1007 1964 et
1036 1925 1203 1975 singula-

103 1990 184 2015 rem
202 1979 325 2016 virum
357 1980 487 2031 (nemo
508 1980 606 2018 dicet
630 1978 780 2028 secus);
811 1980 874 2017 sed
892 1981 1108 2017 oratorem?
1138 1977 1202 2015 58(1

104 2030 219 2068 etiam
240 2031 366 2082 Lysiae
383 2033 577 2071 similem?
599 2045 675 2084 quo
693 2033 787 2070 nihil
812 2039 934 2083 potest
960 2044 1037 2070 esse
1054 2030 1202 2082 pictius.

104 2082 246 2124 Bella
235 2084 367 2134 1101113,
393 2085 424 2124 si
449 2086 686 2135 jocaremur·
715 2086 774 2124 sin
803 2097 1070 2132 asseveramus,
1104 2083 1201 2131 vide,
