1407 2324
150 63 227 103 DE
247 63 450 104 CLARIS
468 63 851 113 ORATORIBUS‚
866 65 969 103 Cap.
988 66 1046 102 12.
1068 66 1144 103 365

53 170 256 208 iracundiae
287 183 364 208 suae
391 178 511 209 morte
540 171 680 209 sedavit
695 185 704 208 :
740 183 829 208 nam
859 171 925 208 etsi
957 171 1063 208 aliter
1092 180 1146 209 est

51 222 155 272 apud.
183 230 234 270 te,
264 224 407 271 Attice,
435 224 482 262 de
507 223 719 270 Coriolano,
748 224 906 262 concede
932 231 1072 272 tamen,
1101 232 1145 261 ut

51 275 140 312 huic
158 277 285 325 generi
301 277 431 314 mortis
448 277 572 327 potius
590 276 777 314 assentiar.

103 327 178 365 XI.
194 329 252 366 At
262 329 324 366 ille
335 329 471 376 ridens,
482 329 570 367 Tuo
582 342 681 377 vero,
690 329 826 378 inquit
837 329 1036 366 arbitratu.
1050 342 1144 379 quo-

52 381 155 417 niam
181 382 335 432 quidem
362 394 572 420 concessum
602 389 656 419 est
677 381 885 419 rhetoribus
910 382 1080 419 ementiri
1103 382 1144 420 in

53 433 230 481 historiis,
250 442 293 471 ut
311 434 455 485 aliquid
472 435 592 473 dicere
609 435 750 485 possint
768 434 946 484 argutius.
976 435 1032 472 Ut
1043 435 1144 473 enim

54 493 97 523 tu
115 498 216 524 nunc
234 487 280 524 de
302 487 515 535 Coriolano,
542 488 594 525 sic
620 487 843 533 Clitarchus,
871 487 922 524 sic
948 488 1144 525 Stratocles

53 538 101 576 de
114 539 367 578 Themistocle
386 541 506 577 finxit.
536 541 655 588 Nam,
671 553 784 591 quem
803 540 1058 590 Thucydides,
1079 541 1145 591 qui

53 599 90 629 et
107 591 349 630 Atheniensis
368 601 458 640 erat,
478 600 515 630 et
533 606 681 630 summo
699 593 780 631 loco
804 600 928 640 natuS,
956 606 1145 631 summus-

52 657 128 695 que
159 645 228 692 vir,
249 653 285 682 et
310 646 424 696 paulo
449 654 556 683 aetate
573 646 764 696 posterior,
784 653 932 683 tantum
951 653 1145 684 mortuum

50 697 210 758 scripsit,
231 705 267 735 et
284 698 324 735 in
342 699 474 736 Attica
491 700 588 736 clam
602 699 829 743 humatum;
859 697 1015 745 addidit,
1030 698 1146 737 fuisse

53 751 301 800 suspicionem
327 763 468 789 veneno
493 752 563 789 sibi
590 751 806 789 conscivisse
831 758 1015 788 mortem:
1045 752 1146 790 hunc

53 803 115 840 isti
133 803 252 851 aiunt,
273 816 361 842 cum
378 812 530 841 taurum
549 804 828 851 immolavisset,
849 804 1035 853 excepisse
1062 817 1145 842 san-

52 856 208 915 guinem
219 857 360 907 patera,
375 864 424 904 et,
438 870 480 894 eo
491 864 593 908 poto,
607 865 798 894 mortuum
811 856 1020 894 concidisse.
1036 857 1148 895 Hanc

53 909 156 945 enim
173 917 334 946 mortem
353 909 532 948 rhetorice
550 918 586 947 et
603 910 741 960 tragice
765 922 895 947 ornare
919 916 1146 969 potuerunt.

55 961 122 998 illa
139 974 239 999 mors
258 963 422 1012 vulgaris
440 963 587 1000 nullam
605 964 794 1012 praebebat
810 962 1005 999 materiem
1024 963 1073 999 ad
1090 975 1149 1000 or-

54 1021 200 1051 natum.
230 1013 374 1063 Quare,
395 1016 574 1075 quoniam
592 1016 662 1053 tibi
682 1016 734 1052 ita
752 1015 924 1065 quadrat,
944 1015 1073 1052 omnia
1088 1015 1150 1052 fu-

55 1066 127 1104 isse
144 1067 184 1104 in
202 1067 456 1105 Themistocle
473 1068 579 1118 paria
597 1076 634 1105 et
652 1068 864 1115 Coriolano,
877 1075 1045 1118 pateram
1057 1081 1151 1118 quo-

56 1132 131 1170 que
159 1133 182 1157 a
212 1132 275 1158 me
300 1133 426 1158 sumas
451 1121 563 1159 licet:
592 1123 765 1171 praebebo
784 1121 897 1158 etiam
915 1121 1089 1170 hostiam,
1109 1128 1153 1158 ut

56 1173 278 1211 Coriolanus
297 1174 344 1211 sit
361 1174 473 1224 plane
491 1175 584 1212 alter
601 1173 884 1211 Themistocles.

111 1226 169 1264 Sit
187 1238 288 1272 sane,
308 1227 480 1277 inquam,
495 1235 539 1265 ut
555 1227 674 1275 lubet,
690 1227 736 1264 de
749 1227 820 1264 isto
836 1240 847 1263 ε
878 1233 914 1264 et
924 1240 992 1277 ego
1007 1227 1152 1264 cautius

57 1279 210 1331 posthac
228 1279 422 1317 historiam
444 1280 642 1329 attingam,
669 1287 706 1316 te
731 1279 929 1324 audiente;
959 1292 1072 1329 quem
1097 1292 1154 1317 re-

57 1345 145 1370 rum
164 1331 426 1369 Romanarum
444 1340 633 1370 auctorem
657 1332 811 1369 laudare
832 1344 985 1382 possum
1009 1332 1157 1382 religion

59 1385 261 1423 sissimum.
309 1385 384 1423 Sed
409 1392 493 1422 tum
519 1385 595 1423 fere
614 1384 789 1432 Pericles,
808 1384 1022 1435 Xanthippi
1039 1385 1154 1433 filius,

59 1438 107 1476 de
126 1450 202 1488 quo
220 1445 306 1475 ante
323 1437 417 1486 dixi,
443 1438 589 1488 primus
614 1437 786 1475 adhibuit
809 1437 1040 1476 doctrinam:
1070 1451 1156 1488 quae

61 1503 296 1543 quamquam
315 1497 398 1528 tum
417 1491 523 1528 nulla
535 1497 613 1528 erat
624 1490 784 1538 dicendi,
800 1497 925 1528 tamen
939 1492 986 1528 ab
997 1491 1156 1528 Anaxa-

61 1556 154 1594 gora
184 1543 339 1593 physico
364 1543 545 1592 eruditus,
566 1543 867 1581 exercitationem
892 1543 1029 1581 mentis
1054 1557 1078 1581 a
1100 1556 1158 1581 re-

62 1596 221 1635 conditis
239 1597 493 1647 abstrusisque
510 1598 620 1634 rebus
639 1596 688 1633 ad
706 1608 834 1634 causas
852 1595 1014 1634 forenses
1037 1609 1160 1656 popu-

63 1650 234 1700 laresque
250 1648 360 1686 facile
377 1649 605 1686 traduxerat.
646 1649 777 1697 Hujus
795 1648 976 1687 suavitate
992 1650 1161 1686 maxime

63 1702 232 1740 hilaratae
246 1709 335 1739 sunt
341 1702 526 1739 Athenae.
541 1702 656 1750 hujus
670 1703 878 1739 ubertatem
891 1709 927 1739 et
940 1702 1161 1762 copiamad-

62 1755 222 1802 miratae,
238 1754 406 1803 ejusdem
425 1755 503 1792 vim
515 1755 662 1792 dicendi
676 1762 928 1805 terroremque
939 1755 1159 1792 timuerunt.

121 1807 221 1845 XII.
251 1807 348 1846 Haec
374 1807 489 1857 igitur
518 1815 606 1845 aetas
638 1807 762 1858 prima
789 1807 953 1845 Athenis
981 1815 1163 1844 oratorem

66 1873 184 1911 prope
201 1860 410 1911 perfectum
428 1860 526 1898 tulit.
569 1861 610 1898 N
613 1873 653 1898 ec
671 1861 772 1898 enim
796 1860 838 1898 in
856 1859 1165 1898 constituentibus

67 1913 356 1964 rempublicam,
376 1925 444 1951 nec
462 1914 502 1950 in
519 1913 620 1951 bella
636 1914 864 1964 gerentibus,
884 1925 953 1950 nec
979 1912 1018 1948 in
1046 1912 1166 1962 impe-

67 1965 156 2003 ditis
173 1978 217 2004 ac
233 1979 368 2017 regum
386 1965 641 2004 dominatione
659 1966 852 2013 devinctis,
865 1965 966 2002 nasci
983 1964 1167 2015 cupiditas

67 2018 218 2056 dicendi
235 2020 340 2057 solet.
381 2018 490 2057 Pacis
509 2027 564 2058 est
580 2032 717 2067 comes,
737 2019 879 2068 otiique
897 2017 1007 2065 socia,
1034 2024 1071 2055 et
1085 2018 1167 2066 jam

69 2073 165 2110 bene
182 2072 393 2110 constitutae
409 2072 568 2111 civitatis
586 2073 694 2123 quasi
711 2072 868 2110 alumna
884 2070 1074 2121 quaedam,
1094 2069 1170 2108 elo·

72 2124 240 2176 quentia.
268 2124 406 2177 Itaque
423 2125 477 2166 ait
493 2125 729 2176 AristoteleS,
748 2123 1038 2215 (3111138111113113
1028 2135 1068 2162 111
1080 2122 1173 2162 Sici-

797 2188 813 2215 1
