1429 2344
181 109 261 148 232
326 108 404 148 DE
434 109 858 161 ORATORE,L113.
876 111 932 150 ΙΙ.
961 111 1065 151 CAP.
1081 112 1146 153 39.

177 229 272 276 quos
298 217 466 255 Romam
491 218 635 256 venisse
659 218 802 268 dixisti,
823 219 974 258 videsne
993 218 1208 270 Diogenem
1225 216 1288 256 fu-

178 282 263 318 lsse,
284 271 352 321 qui
371 271 522 319 diceret,
543 279 663 310 artem
682 286 720 310 se
739 273 884 311 tradere
900 275 996 311 bene
1015 272 1232 321 disserendi,
1253 278 1291 309 et

179 336 267 361 vera
285 337 327 362 ac
346 324 440 362 falsa
459 325 706 374 dijudicandi,
721 340 838 378 quam
852 329 966 365 verbo
982 327 1114 365 (111-3000
1132 333 1290 362 Διαλεκ-

178 392 280 419 nnm
300 379 535 428 appellaret?
578 380 626 417 In
649 380 720 417 1130
745 388 824 418 arte
844 381 892 423 (si
909 380 1023 418 modo
1042 388 1097 418 est
1115 380 1195 418 haec
1214 386 1290 426 ars)

177 430 331 468 nullum
351 439 404 469 est
422 440 670 483 praeceptum,
686 446 763 484 quo
778 434 892 472 modo
906 447 1038 472 verum
1052 434 1288 471 inveniatur·
1276 461 1289 478 ‚

175 483 241 520 sed
260 491 410 522 tantum
431 493 498 534 est,
520 499 596 537 quo
615 487 729 524 modo
745 487 947 535 judicetur.
979 488 1085 525 Nam
1105 495 1142 525 et
1160 498 1288 534 omne,

177 537 281 587 quod
301 538 516 599 eloquimur
535 540 600 588 510,
621 548 664 578 ut
682 540 722 577 id
741 547 807 578 aut
831 554 910 578 esse
935 540 1105 578 dicamus
1127 546 1193 577 aut
1211 552 1289 577 11011

175 603 266 638 0550,
289 599 325 629 et
344 593 375 629 si
394 593 613 643 simpliciter
628 594 773 631 dictum
787 594 849 642 sit,
867 595 1075 646 suscipiunt
1089 593 1288 642 dialectici,

175 651 219 681 ut
234 644 419 694 judicent,
440 660 621 685 verumne
641 648 701 695 sit,
722 660 771 685 an
790 648 954 686 falsum:
986 655 1022 686 et
1041 648 1072 685 si
1090 648 1290 696 conjuncte

174 697 222 734 sit
253 699 410 747 elatum,
442 707 479 738 et
507 701 687 750 adjuncta
711 702 786 739 sint
813 702 900 750 alia,
928 702 1112 763 Judicent,
1139 707 1288 738 rectene

173 751 353 800 adjuncta
376 754 474 791 sint:
511 762 547 792 et
571 768 707 793 verane
734 768 886 793 summa
913 756 961 793 sit
986 755 1288 805 uniuscujusque

173 805 353 843 rationis:
385 815 422 845 et
446 807 494 845 ad
519 816 735 847 extremum
760 809 833 860 ipsi
859 823 897 847 se
922 816 1186 869 compungunt
1210 807 1287 846 suis

171 859 440 899 acuminibus·
429 890 440 906 ,
484 869 535 910 et,
573 864 696 901 multa
728 863 945 914 quaerendo,
979 863 1172 914 reperiunt
1207 874 1286 899 non

172 912 287 950 modo
315 927 358 951 03
386 928 471 965 quae
495 917 578 965 jam
605 929 682 955 non
710 917 855 968 possint
880 917 953 978 ipsi
980 917 1194 964 dissolvere,
1222 914 1288 953 sed

171 966 286 1003 etiam
312 968 451 1018 quibus
479 978 565 1008 ante
590 981 734 1031 exorsa,
763 978 799 1008 et
823 972 950 1021 potius
975 971 1128 1008 detexta
1151 981 1283 1020 prope,

170 1027 400 1059 retexantur.
431 1023 488 1060 H
478 1036 511 1061 10
524 1036 592 1061 nos
610 1024 727 1074 igitur
746 1024 893 1062 Stoicus
911 1024 980 1063 iste
999 1024 1096 1061 nihil
1112 1023 1282 1071 adjuvat,

170 1075 366 1123 quoniam,
388 1077 741 1138 quemadmodum
731 1078 923 1115 inveniam
942 1077 1035 1129 quid
1049 1077 1188 1123 dicam,
1204 1088 1283 1113 non

169 1126 303 1165 docet:
343 1137 458 1180 atque
489 1131 591 1168 idem
619 1131 733 1169 etiam
760 1131 934 1183 impedit,
964 1131 1068 1182 quod
1093 1138 1132 1168 et
1157 1130 1283 1168 multa

168 1181 320 1231 reperit,
341 1196 427 1234 quae
445 1192 557 1234 neget
575 1185 655 1223 ullo
673 1185 788 1223 modo
801 1198 909 1236 posse
924 1185 1090 1233 dissolvi,
1107 1192 1144 1222 et
1161 1196 1283 1234 genus

169 1236 350 1274 sermonis
379 1237 487 1275 affert
515 1251 593 1276 non
622 1239 829 1289 liquidum,
860 1251 938 1277 non
965 1238 1098 1276 fusum
1126 1250 1169 1275 ac
1193 1250 1282 1288 pro-

167 1288 302 1337 fluens,
327 1290 391 1327 sed
417 1291 527 1339 exile,
555 1291 719 1352 aridum,
749 1292 956 1341 concisum,
985 1305 1029 1330 30
1057 1291 1279 1329 minutum:

167 1342 271 1393 quod
290 1343 321 1380 51
340 1344 425 1394 (11115
443 1345 632 1395 probabit,
653 1346 706 1383 ita
724 1346 913 1397 probabit,
934 1352 978 1383 ut
996 1345 1134 1383 oratori
1152 1352 1281 1382 tamen

166 1403 302 1446 aptum
332 1410 407 1435 non
438 1411 516 1436 esse
544 1399 719 1437 fateatur.
763 1399 860 1437 Haec
886 1399 988 1437 enim
1010 1407 1138 1437 nostra
1162 1399 1282 1436 oratio

165 1450 423 1489 multitudinis
448 1460 503 1490 est
527 1453 683 1491 auribus
713 1453 1046 1501 accommodanda,
1079 1453 1128 1490 ad
1157 1452 1282 1490 oblec-

165 1504 299 1541 tandos
318 1506 478 1554 animos,
498 1507 548 1548 ad
566 1507 828 1558 impellendos,
850 1507 899 1545 ad
913 1519 956 1544 ea
969 1506 1178 1558 probanda,
1192 1519 1281 1556 quae

167 1569 246 1594 non
272 1559 435 1597 aurificis
459 1561 609 1609 statera,
637 1561 702 1598 sed.
728 1561 896 1612 quadam
920 1560 1096 1612 populari
1120 1559 1279 1609 trutina,

167 1612 444 1651 examinantur.
476 1613 607 1661 Quare
625 1614 738 1652 istam
757 1621 877 1652 artem
892 1621 1011 1652 totam
1025 1614 1278 1675 dimittamus,

164 1678 251 1715 quae
275 1665 315 1702 in
342 1667 596 1717 excogitandis
622 1668 856 1718 argumentis
880 1674 989 1705 muta
1016 1667 1181 1704 nimium
1207 1674 1277 1715 est,

162 1717 204 1754 in
212 1698 456 1766 judicandiso
438 1721 602 1758 nimium
613 1722 768 1782 loquax.
793 1721 1027 1759 Critolaum
1017 1728 1148 1768 lstum,
1163 1732 1280 1771 quem

164 1771 280 1809 simul
304 1785 392 1810 cum
418 1773 592 1824 Diogene
610 1775 754 1813 10111550
773 1787 1059 1835 commemoras,
1080 1781 1174 1835 puto
1193 1774 1282 1825 plus

162 1824 252 1863 huic
277 1826 401 1864 studio
426 1836 552 1865 nostro
577 1828 751 1889 prodesse
779 1828 967 1888 potuisse:
999 1835 1078 1866 erat
1101 1828 1203 1865 enim
1229 1829 1278 1865 ab

161 1878 233 1916 isto
252 1880 470 1928 Aristotele,
491 1895 514 1918 a
537 1883 647 1930 cujus
670 1882 831 1920 inventis
858 1882 927 1919 tibi
954 1894 1023 1932 ego
1049 1881 1178 1918 videor
1199 1893 1278 1918 non

162 1932 274 1982 longe
289 1935 470 1971 aberrare.
497 1935 654 1986 Atque
644 1944 740 1973 inter
753 1936 856 1973 hunc
870 1935 1132 1981 Aristotelem,
1150 1935 1277 1984 (cujus

163 1993 201 2023 et
219 1986 331 2024 11111111
355 1988 430 2038 legi
454 1988 610 2037 librum,
636 1989 677 2026 in
702 2002 778 2040 quo
804 1989 978 2040 exposuit
1003 1988 1153 2026 dicendi
1179 1996 1276 2026 artes

162 2040 338 2078 omnium
369 2043 619 2092 superiorum,
652 2050 688 2080 et
719 2043 818 2090 11105,
848 2043 890 2080 111
922 2042 1061 2094 quibus
1092 2041 1174 2093 ipse
1206 2055 1276 2080 sua.

162 2093 339 2143 quaedam
354 2095 400 2132 de
419 2096 550 2134 03(10111
570 2103 648 2134 arte
666 2096 778 2143 d‘mt)
799 2103 836 2134 et
852 2097 921 2134 hos
939 2108 1139 2146 germanos
1157 2095 1274 2144 hujus

160 2147 249 2184 artis
274 2148 487 2209 magistros,
510 2150 582 2188 hoc
604 2150 702 2187 1111111
726 2150 851 2188 ν1511111
876 2157 930 2188 est
956 2149 1147 2196 interesse,
1168 2148 1273 2200 quod

158 2199 223 2238 ille
242 2201 374 2241 eadem
393 2202 470 2242 acie
488 2203 639 2249 mentis,
660 2217 739 2256 qua
755 2216 883 2242 rerum
901 2203 1078 2243 omnium
1099 2201 1179 2242 vim
1202 2213 1272 2241 na-
