1407 2308
203 34 278 73 DE
299 34 685 83 INVENTIONE,
708 35 804 74 12113.
824 35 880 73 11.
901 35 1004 74 CAP.
1022 36 1084 73 48.
1119 37 1190 74 109

92 140 203 187 dicet,
223 149 392 192 oportere
409 155 538 180 causas
557 142 685 193 accipi.
726 141 1023 190 Demonstrabit,
1043 143 1188 180 nullam

91 206 168 231 esse
186 194 323 244 legem,
343 208 428 246 quae
453 196 621 246 aliquam
646 208 724 233 rem
743 195 916 233 inutilem
935 203 1002 233 aut
1020 196 1190 247 iniquam

93 246 172 285 fieri
197 248 310 293 velit;
340 248 468 286 onmia
492 248 689 299 supplicia,
719 262 804 299 quae
822 262 845 286 a
862 249 1008 299 legibus
1026 249 1190 300 proficis-

91 309 238 347 cantur,
266 302 388 353 culpae
412 315 455 339 ac
479 302 634 340 malitiae
659 302 891 339 vindicandae
916 315 1025 340 causa
1054 303 1190 341 consti-

94 360 177 391 tuta
196 366 298 400 esse;
328 355 545 406 scriptorem
564 355 704 405 ipsum,
725 355 755 392 si
774 355 939 401 exsistat,
958 355 1101 393 factum
1121 356 1190 394 hoc

92 408 340 457 probaturum
354 421 366 452 ;
388 416 425 446 et
438 408 539 445 idem
553 408 694 459 ipsum,
714 408 744 445 si
764 408 797 445 ei
816 408 900 446 talis
914 421 970 446 res
984 409 1188 457 accidisset,

92 459 281 498 facturum
305 460 443 499 fuisse:
474 469 511 499 et
535 462 579 499 ea
603 474 642 499 re
668 462 762 511 legis
786 461 1001 522 scriptorem
1027 470 1125 500 certo
1143 475 1190 500 ex

91 513 221 551 ordine
235 513 394 563 judices,
414 514 515 552 certa
540 522 647 552 aetate
671 514 859 565 praeditos,
883 515 1128 563 constituisse,
1149 524 1192 553 ut

92 574 227 614 essent,
247 579 324 606 non
343 568 411 619 qui
428 568 610 618 scriptum
629 581 741 605 suum
762 568 970 614 recitarent,
992 568 1093 619 quod
1108 569 1192 620 qui-

94 619 148 657 vis
172 633 266 670 puer
290 620 410 659 facere
429 629 565 671 posset,
592 621 657 658 sed
682 621 749 672 qui
767 621 1028 671 cogitationem
1048 623 1195 673 assequi

94 681 257 723 possent,
286 682 324 712 et
355 675 587 712 voluntatem
620 674 877 725 interpretari·
918 674 1052 712 deinde
1083 675 1194 713 illum

95 727 326 777 scriptorem,
355 727 386 765 si
414 727 550 778 scripta
568 740 636 765 sua
653 728 776 765 stultis
795 727 1026 774 hominibus,
1056 736 1092 766 et
1109 730 1195 766 bar-

95 780 194 817 baris
209 780 399 829 judicibus
414 781 676 828 committeret,
695 780 824 818 omnia
838 780 988 818 summa
1002 781 1198 831 diligentia

95 833 390 884 perscripturum
415 834 553 878 fuisse3
583 846 684 871 nunc
703 846 803 880 vero,
831 833 933 884 quod
957 834 1194 884 intelligeret,

95 887 224 936 quales
243 886 312 924 viri
328 887 532 936 judicaturi
557 894 690 933 essent,
717 886 853 924 idcirco
879 899 981 934 eum,
1009 901 1095 938 quae
1113 901 1197 939 per-

96 939 225 989 spicua
253 940 394 978 videret
423 952 513 986 esse,
542 952 619 978 non
647 915 907 990 adscripsisse,
938 953 1062 991 neque
1093 942 1195 979 enim

97 1004 161 1030 vos
186 993 312 1043 scripti
337 993 396 1031 sui
420 993 644 1041 recitatores,
665 993 729 1031 sed
754 993 956 1031 voluntatis
980 994 1198 1044 interpretes

96 1044 174 1084 fore
193 1046 363 1097 putavit:
393 1053 521 1097 postea
538 1059 704 1097 quaerere
722 1047 769 1083 ab
789 1046 1020 1095 adversariis,
1041 1047 1147 1094 Quid
1167 1050 1197 1085 si

97 1098 167 1137 hoc
192 1099 392 1138 fecissem?
422 1100 516 1151 quid
545 1100 575 1137 si
599 1100 670 1138 hoc
699 1099 921 1139 accidisset?
952 1103 1098 1143 (eorum
1127 1101 1196 1138 ali-

97 1152 204 1203 quid,
233 1153 274 1190 111
299 1153 437 1204 quibus
463 1161 530 1191 aut
553 1166 665 1191 causa
688 1153 736 1191 sit
753 1153 1026 1201 honestissima,
1048 1161 1115 1193 aut
1132 1167 1197 1192 ne-

97 1206 280 1244 cessitudo
294 1207 514 1253 certissima)
535 1206 691 1244 Tumne
709 1207 928 1245 accusaretis
941 1210 958 1245 ἓ
987 1208 1113 1258 Atqui
1126 1207 1197 1246 hoc

97 1259 159 1297 lex
178 1272 368 1311 nusquam
386 1260 556 1310 excepit:
587 1260 680 1298 Non
698 1272 786 1310 ergo
805 1260 933 1298 omnia
951 1261 1108 1312 scriptis,
1133 1262 1198 1298 sed

98 1313 288 1363 quaedam,
317 1327 403 1364 quae
420 1313 618 1364 perspicua
641 1313 729 1362 sint,
758 1313 878 1351 tacitis
903 1314 1198 1364 exceptionibus,

99 1366 246 1403 caveri:
276 1366 411 1404 deinde
442 1367 589 1404 nullam
622 1379 702 1403 rem
734 1378 858 1417 neque
893 1367 1040 1416 legibus
1077 1379 1200 1418 neque

99 1418 282 1469 scriptura
300 1419 395 1466 ulla,
415 1419 578 1469 denique
595 1431 642 1457 ne
657 1419 696 1456 in
715 1432 886 1457 sermone
904 1420 1057 1470 quidem
1077 1421 1201 1471 quoti-

99 1472 212 1509 diano
230 1479 343 1523 atque
356 1473 523 1523 imperiis
537 1472 761 1520 domesticis,
782 1479 879 1510 recte
897 1486 1004 1523 posse
1022 1473 1202 1511 adminis-

101 1525 205 1572 trari,
235 1525 266 1563 si
284 1526 544 1576 unusquisque
562 1526 651 1563 velit
670 1528 782 1564 verba
800 1533 976 1576 spectare,
998 1533 1035 1564 et
1059 1539 1133 1564 non
1153 1527 1201 1565 ad

103 1579 336 1616 voluntatem
351 1580 446 1628 ejus,
467 1578 534 1630 qui
553 1580 666 1616 verba
683 1579 870 1627 habuerit,
891 1579 1086 1618 accedere:

156 1631 359 1669 XLVIII.
389 1631 525 1669 deinde
549 1645 596 1670 ex
620 1632 792 1670 utilitatis
820 1639 857 1670 et
885 1632 1088 1671 honestatis
1117 1647 1203 1684 par-

103 1685 204 1723 tibus
223 1684 429 1731 ostendere,
449 1697 567 1735 quam
584 1685 719 1723 inutile
737 1693 803 1723 aut
822 1698 938 1736 quam
957 1693 1068 1737 turpe
1086 1686 1133 1724 sit
1150 1687 1204 1733 id,

103 1737 207 1790 quod
225 1737 425 1776 adversarii
442 1738 569 1776 dicant
587 1739 668 1776 fieri
686 1739 906 1789 oportuisse,
927 1746 994 1777 aut
1011 1746 1205 1790 oportere:

83 1798 143 1830 'et
170 1790 225 1839 id,
257 1791 359 1842 quod
388 1803 457 1829 nos
486 1791 683 1829 fecerimus
712 1798 778 1829 aut
806 1792 1054 1842 postulemus,
1087 1805 1205 1843 quam

106 1844 199 1882 utile
230 1851 296 1882 aut
325 1856 443 1894 quam
469 1844 671 1883 honestum
700 1845 770 1883 sit:
800 1844 937 1882 deinde
967 1845 1069 1895 leges
1099 1845 1208 1883 nobis

107 1909 209 1935 caras
223 1908 314 1944 esse,
330 1909 406 1934 non
420 1905 572 1948 propter
584 1898 724 1945 literas,
740 1911 826 1948 quae
840 1904 970 1936 tenues
989 1905 1026 1936 et
1042 1899 1097 1936 ob·
1093 1910 1210 1935 ··curae

105 1957 206 1988 notae
224 1950 300 1987 sint
317 1950 534 1998 voluntatis,
556 1951 620 1988 sed
637 1958 789 2002 propter
807 1963 936 1988 earum
955 1963 1098 1997 rerum,
1125 1951 1210 2001 qui-

109 2004 181 2040 bus
199 2002 245 2040 de
263 2002 443 2064 scriptum
464 2011 532 2051 est,
553 2004 769 2050 utilitatem,
790 2011 826 2042 et
845 2016 989 2051 eorum,
1011 2003 1077 2054 qui
1096 2002 1211 2054 scrip-

110 2055 240 2102 serint,
269 2056 490 2106 sapientiam
520 2064 557 2095 et
583 2057 843 2107 diligentiam:
875 2066 1015 2117 postea,
1045 2055 1136 2107 quid
1164 2056 1212 2095 sit

103 2109 187 2155 lex,
216 2108 434 2156 describere,
464 2116 507 2147 ut
525 2123 570 2148 ea
588 2110 786 2149 videatur
777 2123 817 2148 m
844 2110 1048 2157 sententiis,
1079 2121 1154 2149 non
1173 2109 1213 2149 in

166 2162 360 2207 (Rhetor.)
382 2174 407 2198 x
415 2173 483 2200 oL.
509 2174 536 2200 1.
868 2173 892 2199 L
