1407 2308
168 70 245 109 DE
275 68 661 117 INVENTIONE,
692 69 790 107 Lm.
810 68 865 107 11.
896 68 1000 108 CAP.
1018 70 1081 114 57.
1134 70 1208 109 119

102 189 230 216 sarum
255 176 516 228 dignitatibuS,
544 188 591 214 ex
616 183 831 227 temporum
849 175 1208 227 opportunitatibus,

103 243 151 268 ex
178 229 321 278 officiis,
350 243 398 268 ex
429 229 688 281 religionibus,
723 243 769 268 ex
803 228 1065 278 vetustatibus,
1095 229 1212 268 habe-

104 284 218 322 bitur.

158 337 270 374 LVI.
295 336 448 375 Utilitas
463 343 589 374 autem
605 343 671 374 aut
689 336 728 374 in
748 349 898 387 corpore
916 336 1037 388 posita
1055 343 1123 383 est,
1143 343 1211 374 aut

104 390 143 427 in
176 390 362 428 extraneis
394 392 532 435 rebus,
573 403 736 440 quarum
769 397 896 428 tamen
929 402 1056 428 rerum
1087 390 1212 427 multo

103 443 274 481 maxima
291 456 377 494 pars
396 443 443 480 ad
462 443 624 494 corporis
649 443 892 481 commodum
918 443 1139 487 revertitur;
1169 450 1213 480 ut

103 496 142 533 in
170 496 364 547 republica
391 496 565 547 quaedam
593 504 694 543 sunt,
722 510 807 547 quae
835 499 895 539 (ut
921 496 972 534 sic
996 496 1136 543 dicam)
1163 495 1211 533 ad

103 562 238 600 corpus
262 550 450 600 pertinent
476 550 648 596 civitatis,
676 557 719 587 ut
745 550 839 600 agri,
866 556 1009 601 portus,
1036 548 1211 600 pecunia,

103 603 249 648 classes,
277 610 416 649 nautae,
443 603 595 650 milites,
623 603 736 647 soeii3
766 603 905 653 quibus
930 605 1041 641 rebus
1066 602 1212 640 incolu-

104 656 275 693 mitatem
301 669 344 693 ac
368 657 580 694 libertatem
605 656 766 694 retinent
791 656 979 694 civitates:
1010 656 1084 693 alia
1107 668 1209 703 vero,

103 722 190 759 quae
208 709 290 758 Jam
309 709 491 759 quiddam
510 710 631 759 magis
651 710 823 760 amplum
843 718 880 747 et
898 709 1025 747 minus
1044 721 1211 746 necessa-

103 763 204 800 rium
237 763 454 809 conficiunt,
489 770 532 800 ut
564 762 668 800 urbis
698 763 848 813 egregia
877 762 1071 800 exornatio
1099 769 1214 812 atque

104 815 328 866 amplitudo,
348 823 390 853 ut
405 816 579 867 quaedam
594 817 778 854 excellens
789 815 958 867 pecuniae
971 815 1211 866 magnitudo,

105 868 356 907 amicitiarum
375 882 417 907 ac
437 869 656 907 societatum
674 869 894 907 multitudo.
928 868 1082 916 Quibus
1100 870 1212 906 rebus

105 934 181 960 non
207 922 304 959 illud
329 923 452 960 solum
480 923 688 970 conficitur,
717 929 761 959 ut
788 923 900 960 salvae
925 930 962 960 et
986 922 1210 968 incolumes,

105 987 237 1013 verum
257 975 370 1013 etiam
388 982 432 1012 ut
449 976 587 1026 amplae
605 982 719 1026 atque
737 983 920 1026 potentes,
936 975 1011 1013 sint
1029 975 1209 1013 civitates.

104 1028 235 1076 Quare
252 1028 424 1066 utilitatis
438 1029 523 1066 duae
536 1036 661 1080 partes
675 1029 851 1067 videntur
865 1042 956 1076 esse,
971 1028 1212 1066 incolumitas

104 1089 142 1119 et
168 1081 346 1132 potentia.
390 1081 637 1120 Incolumitas
664 1089 719 1120 est
746 1082 877 1121 salutis
904 1089 988 1120 tuta
1014 1088 1128 1132 atque
1153 1081 1212 1118 in-

104 1141 210 1186 tegra
227 1135 480 1173 conservatio:
509 1135 677 1186 potentia
696 1142 764 1183 est,
785 1136 834 1173 ad
853 1149 921 1174 sua
944 1135 1211 1182 conservanda,

104 1195 142 1226 et
179 1188 331 1226 alterius
367 1188 585 1237 obtinenda,
623 1188 844 1227 idonearum
875 1201 1003 1227 rerum
1040 1188 1212 1226 facultas.

103 1241 237 1292 Atque
254 1241 295 1279 in
313 1242 359 1280 iis
377 1242 554 1280 omnibus
573 1255 658 1293 quae
677 1249 764 1280 ante
786 1243 885 1280 dicta
906 1250 1008 1290 sunt,
1029 1241 1122 1292 quid
1141 1240 1214 1278 dif-

104 1295 250 1333 ficulter
274 1295 355 1333 fieri
381 1302 417 1333 et
442 1295 535 1346 quid
553 1295 662 1333 facile
679 1295 760 1333 fieri
777 1296 907 1347 possit,
927 1301 1074 1346 oportet
1093 1293 1214 1332 consi-

105 1347 245 1386 derare.
288 1349 416 1387 Facile
441 1349 522 1386 fieri
549 1348 589 1386 id
615 1349 790 1397 dicimus,
820 1348 923 1400 quod
950 1349 1030 1386 sine
1056 1360 1211 1398 magno,

105 1409 172 1438 aut
197 1402 276 1439 sine
300 1402 379 1440 ullo
402 1402 544 1449 labore,
565 1409 708 1450 sumtu,
728 1402 916 1449 molestia,
937 1414 1054 1453 quam
1071 1401 1214 1439 brevis-

106 1454 202 1492 simo
230 1462 399 1506 tempore
428 1455 560 1493 confici
586 1463 720 1506 potest.
767 1455 933 1493 Difficile
960 1462 1088 1492 autem
1116 1453 1211 1501 fieri,

106 1507 223 1558 quod,
244 1521 479 1559 quamquam
497 1508 648 1556 laboris,
669 1511 829 1557 sumtus,
848 1508 1043 1555 molestiae,
1063 1507 1214 1558 longin-

107 1561 262 1611 quitatis
287 1561 445 1612 indiget,
465 1568 579 1612 atque
603 1568 669 1599 aut
694 1574 824 1600 omnes
849 1568 916 1600 aut
939 1561 1123 1613 plurimas
1147 1567 1214 1598 aut

107 1614 295 1652 maximas
319 1627 449 1652 causas
473 1615 589 1653 habet
610 1614 864 1660 difficultatis,
894 1622 1037 1661 tamen,
1056 1613 1116 1652 his
1134 1626 1216 1652 sus-

106 1667 223 1718 ceptis
241 1667 539 1718 difficultatibus,
556 1668 750 1720 compleri,
769 1675 884 1720 atque
902 1668 951 1706 ad
969 1667 1115 1707 exitum
1130 1679 1217 1718 per-

107 1720 209 1768 duci,
229 1727 364 1772 potest.
457 1756 461 1760 .

161 1773 357 1821 Quoniam
371 1787 460 1825 ergo
473 1773 521 1813 de
534 1774 729 1814 honestate
743 1782 780 1813 et
793 1775 841 1813 de
854 1774 1017 1813 utilitate
1030 1772 1212 1820 diximus,

107 1837 210 1864 nunc
227 1833 355 1876 restat,
374 1834 420 1865 ut
444 1827 492 1866 de
514 1828 560 1866 iis
585 1830 698 1867 rebus
724 1842 819 1879 quas
840 1827 900 1866 his
922 1827 1121 1866 attributas
1139 1838 1218 1864 esse

107 1878 340 1928 dicebamus,
360 1881 631 1920 necessitudine
645 1888 681 1920 et
699 1881 907 1929 affectione,
926 1880 1213 1932 perscribamus.

163 1933 300 1972 LVII.
330 1933 432 1972 Puto
455 1934 571 1985 igitur
596 1947 674 1973 esse
690 1934 789 1973 hanc
807 1924 1132 1980 necessien‘dinem,
1153 1931 1214 1969 cui

107 1986 216 2024 nulla
234 1986 272 2024 vi
290 1986 410 2025 resisti
427 1995 574 2038 potestg
604 2001 691 2039 quae
708 1999 832 2039 neque
848 1987 989 2025 mutari
1017 1998 1139 2036 neque
1161 1984 1215 2021 le-

109 2038 182 2076 nin'
212 2047 346 2090 potest.
390 2039 538 2092 Atque,
571 2049 615 2079 ut
646 2041 812 2092 apertius
842 2041 914 2079 hoc
940 2040 1002 2087 sit,
1031 2037 1214 2087 exemplis

108 2090 194 2129 licet
212 2092 289 2130 vim
309 2093 376 2139 rei,
397 2094 520 2144 qualis
537 2101 575 2132 et
592 2102 736 2145 quanta
754 2094 815 2141 sit,
831 2103 1111 2144 cognoscamus.
1142 2089 1214 2127 Uri

110 2156 216 2193 posse
233 2145 389 2185 flamma
406 2147 572 2197 ligneam
591 2147 788 2186 materiam
808 2158 953 2185 necesse
971 2152 1036 2184 est.
1067 2143 1215 2194 Corpus
