1429 2344
151 68 229 105 424
249 66 327 106 DE
348 66 556 106 CLARIS
575 66 968 117 ORATORIBUS,
983 66 1087 106 CAP.
1104 68 1169 112 74.

146 174 206 212 At
223 175 374 226 prodest
392 175 479 226 plus
497 175 713 225 imperator.
744 175 843 223 Quis
862 183 975 226 negat
991 177 1009 214 Ρ
1043 175 1108 214 sed
1133 181 1261 212 tamen

148 233 242 271 (non
268 236 398 266 metuo
425 242 473 267 ne
504 228 601 266 mihi
633 229 871 267 acclametis:
902 236 957 267 est
985 236 1129 276 autem,
1158 227 1263 279 quod

149 282 301 331 sentias,
322 282 472 320 dicendi
496 281 591 320 liber
609 283 712 321 locus
727 289 757 329 ε)
795 282 930 320 malim
947 282 1045 319 mihi
1064 282 1112 320 L.
1140 281 1266 320 Crassi

150 347 267 372 unam
298 348 368 386 pro
401 336 464 373 Μ’
505 336 621 374 Curio
651 336 868 382 dictionem,
895 348 1012 387 quam
1044 336 1266 374 castellanos

149 388 364 440 triumphos
383 389 489 428 duos.
518 389 577 427 At
594 390 682 440 plus
700 389 871 427 interfuit
889 389 1119 440 reipublicae,
1135 389 1267 427 castel-

150 442 235 479 lum
254 443 338 493 capi
357 443 563 494 Ligurum,
585 456 703 494 quam
721 445 818 481 bene
837 442 990 481 defendi
1017 455 1170 481 causam
1200 442 1264 479 M’

155 495 274 533 Curii.
305 496 440 534 Credo.
471 497 547 535 Sed
564 496 862 535 Atheniensium
881 510 1034 548 quoque
1047 496 1134 547 plus
1152 496 1268 533 inter-

153 549 228 586 fuit
248 549 358 587 firma
377 558 475 588 tecta
492 550 532 587 in
551 550 750 589 domiciliis
768 551 920 599 habere,
942 563 1059 601 quam
1078 549 1269 587 Minervae

150 602 304 653 signum
324 617 371 641 ex
390 606 501 642 ebore
512 604 813 654 pulcherrimum
830 618 841 650 ς
873 611 1001 642 tamen
1016 616 1085 654 ego
1096 616 1159 641 me
1172 603 1268 640 Phi-

151 656 255 693 diam
268 670 346 695 esse
365 658 535 705 mallem,
550 671 668 708 quam
680 658 740 696 vel
759 658 949 708 optimum
967 657 1120 695 fabrum
1140 656 1265 706 tigna-

151 709 264 747 rium.
287 710 417 758 Quare
428 724 519 758 non,
534 719 722 762 quantum
736 712 897 762 quisque
908 711 1039 762 prosit,
1054 710 1118 748 sed
1134 709 1269 761 quanti

154 764 317 815 quisque
336 764 397 811 sit,
418 765 708 815 ponderandum
727 772 796 813 est,
823 765 1032 816 praesertim
1052 776 1141 802 cum
1159 763 1271 814 pauci

147 817 303 867 pingere
322 819 470 869 egregie
481 818 638 869 possint,
659 826 726 856 aut
744 819 909 869 fingere3
940 817 1100 870 operarii
1117 824 1262 866 autem,

153 878 220 908 aut
235 872 369 920 bajuli,
391 872 516 910 deesse
535 884 611 910 non
630 872 785 923 possint.

208 925 407 963 LXXIV.
457 926 532 964 Sed
560 939 688 976 perge,
722 925 926 977 Pomponi,
956 926 1003 964 de
1035 925 1196 972 Caesare,
1229 931 1267 963 et

154 978 268 1016 redde
296 992 382 1029 quae
412 986 564 1017 restant.
606 980 741 1018 Solum
773 979 944 1031 quidem,
973 979 1099 1030 inquit
1125 979 1203 1027 ille,
1231 985 1269 1016 et

153 1032 263 1082 quasi
280 1032 576 1070 fundamentum
595 1034 751 1071 oratoris
763 1034 880 1082 vides,
896 1034 1126 1071 locutionem
1138 1044 1268 1069 emen-

150 1086 280 1123 datam
312 1093 349 1124 et
378 1086 585 1131 Latinam;
616 1088 725 1136 cujus
754 1099 869 1137 penes
899 1099 994 1137 quos
1025 1086 1108 1123 laus
1142 1085 1268 1123 adhuc

149 1138 239 1187 fuit,
259 1151 336 1177 non
354 1140 430 1177 fuit
453 1140 609 1178 rationis
637 1148 704 1177 aut
726 1140 904 1188 scientiae,
931 1140 996 1177 sed
1020 1139 1130 1190 quasi
1156 1140 1267 1177 bonae

152 1193 443 1231 consuetudinis.
501 1193 621 1231 Mitto
653 1193 697 1231 C.
730 1193 911 1241 Laelium,
944 1194 989 1231 P.
1017 1192 1232 1243 Scipionem
1251 1205 1264 1238 ;

150 1246 269 1284 aetatis
294 1247 397 1284 illius
421 1247 494 1284 ista
519 1247 594 1284 fuit
611 1248 710 1295 laus,
737 1255 936 1298 tamquam
954 1245 1191 1292 innocentiae,
1213 1245 1266 1283 sic

153 1300 290 1337 Latine
308 1300 514 1351 loquendi3
543 1313 613 1339 nec
627 1300 801 1339 omnium
816 1308 944 1338 tamen
963 1315 974 1338 ε
1004 1312 1096 1338 nam
1109 1299 1265 1339 illorum

153 1354 331 1404 aequales,
353 1354 552 1392 Caecilium
578 1362 617 1392 et
638 1355 865 1402 Pacuvium,
885 1354 986 1392 male
1003 1354 1148 1392 locutos
1167 1352 1270 1392 vide-

149 1420 247 1445 mus.
278 1407 354 1445 Sed
372 1420 503 1446 omnes
522 1415 606 1446 tum
624 1408 714 1456 fere,
737 1408 804 1458 qui
823 1421 891 1446 nec
904 1415 1011 1447 extra
1022 1409 1156 1446 urbem
1166 1406 1269 1446 hanc

151 1460 337 1509 vixerant,
358 1474 426 1499 nee
445 1475 506 1499 eos
525 1462 654 1513 aliqua
671 1461 861 1500 barbaries
881 1460 1085 1499 domestica
1101 1460 1268 1498 infusca-

154 1522 271 1562 verat,
292 1522 389 1553 recte
407 1516 672 1566 loquebantur.
702 1515 778 1554 Sed
795 1515 894 1552 hanc
913 1522 1011 1553 certe
1028 1527 1110 1552 rem
1129 1513 1267 1551 deteri-

150 1581 256 1605 orem
276 1576 439 1606 vetustas
454 1569 543 1606 fecit
561 1576 598 1607 et
617 1569 753 1607 Romae
766 1576 803 1606 et
815 1569 856 1605 in
870 1568 1031 1605 Graecia.
1061 1567 1267 1606 Confluxe-

152 1629 243 1658 runt
262 1622 365 1660 enim
392 1631 428 1659 et
445 1623 635 1667 Athenas,
666 1630 703 1660 et
720 1623 761 1660 in
779 1623 877 1660 hanc
890 1623 1040 1668 urbem,
1059 1620 1188 1669 multi,
1207 1620 1267 1658 in-

152 1674 306 1725 quinate
331 1675 541 1726 loquentes,
563 1690 610 1714 ex
629 1676 783 1713 diversis
805 1676 920 1714 locis:
951 1688 1028 1726 quo
1053 1673 1175 1725 magis
1201 1687 1270 1712 exa

152 1728 374 1778 purgandus
394 1737 448 1766 est
467 1742 603 1776 sermo,
625 1738 662 1768 et
675 1729 904 1776 adhibenda,
920 1736 1119 1779 tamquam
1133 1729 1266 1765 obrus-

152 1795 206 1841 sa,
228 1782 336 1846 ratio,
358 1796 444 1832 quae
462 1783 603 1820 mutari
622 1796 699 1821 non
717 1790 867 1833 potest;
897 1795 966 1820 nec
980 1781 1166 1820 utendum
1178 1794 1266 1832 pra-

155 1835 310 1872 vissima
329 1836 609 1873 consuetudinis
628 1837 771 1886 regula.

205 1889 254 1925 Τ.
277 1889 308 1925 I
311 1888 454 1925 lamini
451 1902 555 1935 :.1um,
578 1890 644 1940 qui
664 1903 752 1927 cum
773 1889 823 1936 Q.
846 1889 1008 1926 Metello
1027 1888 1158 1925 consul
1176 1887 1265 1934 fuit,

151 1942 260 1992 pueri
279 1942 455 1980 vidimus.
484 1942 789 1980 Existimabatur
802 1945 898 1980 bene
910 1942 1048 1979 Latine
1064 1955 1076 1986 ς
1106 1941 1171 1979 sed
1182 1941 1268 1979 lite-

153 2008 214 2032 ras
233 1996 431 2033 nesciebat.
481 1996 641 2035 Catulus
661 2004 739 2034 erat
757 1996 822 2035 ille
847 1995 1002 2047 quidem
1027 1994 1187 2032 minime
1208 1994 1268 2031 in-

155 2049 302 2096 doctus,
326 2056 370 2087 ut
395 2062 418 2086 a
443 2056 480 2087 te
510 2050 626 2100 paulo
656 2056 711 2087 est
735 2057 822 2087 ante
850 2049 1020 2093 dictum;
1050 2047 1116 2086 sed
1139 2055 1269 2086 tamen

156 2102 320 2140 suavitas
340 2102 453 2150 vocis,
474 2111 510 2141 et
528 2103 623 2140 lenis
642 2103 846 2154 appellatio
863 2103 1075 2150 literarum,
1095 2102 1192 2140 bene
1212 2101 1270 2139 lo-

158 2155 300 2206 quendi
319 2155 463 2195 famam
479 2156 697 2196 confecerat.
729 2156 855 2204 Cotta,
872 2156 963 2208 quia
980 2168 1033 2204 se,
1049 2154 1158 2194 valde
1176 2154 1274 2199 dilaq
