1428 2308
225 43 302 83 DE
333 44 719 94 INVENTIONE,
749 45 846 83 11113.
865 44 898 83 Ι.
926 45 1028 84 cip,
1046 44 1109 81 46.
1165 43 1215 87 47

115 150 291 200 possidet,
311 159 438 190 tamen
457 164 628 191 accuses:
658 164 734 190 non
757 152 856 190 enim
877 154 1017 203 probus
1035 158 1101 188 est.
1143 149 1218 186 Al-

115 204 230 242 terius
262 212 389 243 autem
421 206 537 256 partis
564 206 829 254 infirmatione,
857 205 927 243 hoc
954 204 1068 242 modo
1094 215 1218 253 repre-

115 256 324 296 hendetur:
355 259 517 307 Verum,
545 259 576 296 si
601 267 760 307 veretur,
788 259 1020 296 accusatione
1046 257 1113 294 tua
1138 269 1218 294 cor-

114 318 250 359 rectus,
271 313 318 350 ab
337 320 456 350 errato
475 313 630 350 recedet.
664 312 912 350 Enumeratio
931 312 1062 349 vitiosa
1079 309 1219 347 intelli-

113 363 229 413 gitur,
263 365 294 402 si
326 372 392 402 aut
422 366 654 416 praeteritum
687 366 868 416 quiddam
901 365 1081 411 dicemus,
1116 362 1219 414 quod

114 417 274 455 velimus
292 419 503 466 concedere,
523 427 589 456 aut
607 419 803 456 infirmum
826 418 970 469 aliquid
994 429 1219 455 annumera-

113 476 213 518 tum,
234 472 337 522 quod
355 480 421 509 aut
439 480 568 510 contra
587 473 659 510 dici
685 472 813 523 possit,
841 479 907 509 aut
931 484 1042 509 causa
1059 482 1135 507 non
1155 469 1217 515 sit,

113 535 230 573 quare
259 537 335 562 non
360 525 514 563 honeste
538 526 724 576 possimus
751 525 959 563 concedere.
1001 522 1219 561 Praeteritur

114 577 297 626 quiddam
329 578 368 616 in
402 579 586 627 ejusmodi
614 578 980 616 enumerationibus.
1022 576 1218 623 Quoniam

113 629 228 668 habes
247 630 363 668 istum
382 645 538 682 equum,
559 640 625 669 aut
644 632 775 669 emeris
794 638 952 682 oportet,
973 638 1039 668 aut
1060 628 1218 667 haeredi-

114 688 191 720 tate
208 684 408 734 possideas,
434 693 500 722 aut
525 698 681 722 munere
706 685 902 735 acceperis,
930 693 995 721 aut
1021 683 1124 720 domi
1149 682 1218 719 tibi

112 743 225 774 natus
252 737 324 783 sit;
359 745 438 785 aut,
469 739 500 776 si
525 739 661 775 horum
687 738 783 774 nihil
810 746 877 784 est,
908 736 1128 786 surripueris
1153 747 1218 772 ne-

114 801 212 827 cesse
231 797 310 828 est:
341 791 405 828 sed
423 804 546 842 neque
565 791 701 838 emisti,
722 803 844 841 neque
866 790 1081 827 haereditate
1100 788 1216 835 venit,

113 854 236 893 neque
262 843 366 881 domi
391 853 501 882 natus
528 852 595 891 est,
623 857 746 894 neque
771 845 930 881 donatus
956 850 1033 881 est:
1070 854 1217 879 necesse

111 903 167 932 est
192 909 280 947 ergo
304 897 538 948 surripueris.
579 898 666 935 Hoc
690 897 887 935 commode
911 895 1216 946 reprehendetur,

112 949 143 986 si
170 949 243 987 dici
269 951 386 1000 possit
413 964 460 988 ex
487 951 656 989 hostibus
684 964 803 1001 equus
832 963 908 987 esse
935 956 1080 999 captus,
1110 949 1218 996 cujus

110 1002 248 1052 praedae
279 1004 390 1041 sectio
422 1017 498 1041 non
530 1004 710 1042 venierit:
751 1016 826 1054 quo
852 1003 972 1050 illato,
1003 1002 1218 1039 infirmatur

113 1056 370 1102 enumerati03
396 1058 577 1108 quoniam
596 1057 635 1094 id
655 1057 701 1095 sit
715 1057 928 1105 inductum,
945 1055 1047 1107 quod
1064 1062 1217 1106 praeter-

111 1108 209 1146 itum
229 1109 276 1146 sit
293 1109 334 1146 in
353 1111 644 1148 enumeratione.

164 1161 319 1200 XLVI.
361 1163 498 1202 Altero
533 1171 661 1202 autem
697 1163 811 1201 modo
847 1161 1152 1214 reprehendetur,
1187 1160 1217 1198 si

110 1222 178 1252 aut
209 1222 338 1253 contra
369 1217 513 1268 aliquid
545 1217 714 1254 dicetur:
758 1217 829 1254 hoc
862 1223 929 1263 est,
968 1215 1012 1263 si,
1052 1214 1217 1264 exempli

111 1268 237 1316 causa,
271 1275 315 1306 ut
342 1269 383 1306 in
411 1271 541 1308 eodem
569 1283 771 1317 versemur,
800 1269 937 1320 poterit
964 1268 1110 1306 ostendi
1138 1268 1217 1304 hae-

109 1321 267 1359 reditate
293 1323 462 1361 venisse:
502 1330 568 1361 aut
602 1324 633 1361 si
665 1330 878 1360 extremum
909 1322 1007 1359 illud
1037 1334 1114 1358 non
1147 1321 1216 1358 erit

110 1381 221 1424 turpe
249 1375 475 1422 concedere3
514 1383 558 1414 ut
587 1377 618 1414 si
649 1377 746 1427 quis,
778 1389 866 1414 cum
896 1375 1060 1412 dixerint
1086 1374 1217 1412 adver-

111 1427 211 1474 sarii,
239 1435 305 1465 aut
328 1429 481 1467 insidias
505 1429 626 1467 facere
644 1429 808 1477 voluisti,
837 1436 902 1466 aut
927 1428 1047 1466 amico
1071 1439 1217 1465 morem

109 1481 269 1530 gessisti,
299 1488 365 1519 aut
392 1483 596 1533 cupiditate
621 1483 740 1520 elatus
763 1496 825 1528 es;
859 1482 980 1520 arnico
1008 1494 1046 1519 se
1070 1493 1216 1518 morem

110 1534 264 1584 gessisse
290 1534 463 1573 fateatur.
510 1535 683 1587 Simplex
712 1543 840 1573 autem
872 1535 1060 1573 conclusio
1091 1547 1216 1585 repre-

109 1586 309 1636 hendetur,
342 1588 374 1625 si
404 1588 458 1637 id,
493 1589 595 1640 quod
626 1589 808 1640 sequitur,
839 1601 915 1627 non
947 1588 1118 1626 videatur
1150 1600 1216 1625 ne-

109 1640 266 1678 cessario
295 1653 383 1679 cum
411 1655 468 1690 eo,
498 1642 600 1694 quod
629 1643 836 1691 antecessit,
866 1643 1061 1680 cohaerere.
1109 1641 1215 1678 Nam

109 1692 182 1731 hoc
209 1693 377 1744 quidem,
408 1695 449 1733 Si
476 1696 650 1746 spiritum
676 1696 792 1744 ducit,
820 1696 936 1741 vivit;
971 1695 1012 1733 Si
1040 1694 1117 1732 dies
1145 1701 1214 1742 est,

110 1746 238 1793 lucet;
267 1748 453 1796 ejusmodi
471 1756 539 1797 est,
559 1756 603 1786 ut
625 1762 713 1787 cum
731 1749 854 1800 priore
872 1748 1075 1787 necessario
1093 1754 1216 1798 poste-

109 1798 189 1837 rius
216 1800 399 1839 cohaerere
426 1802 608 1840 videatur.
648 1803 736 1840 Hoc
761 1810 903 1851 autem,
932 1802 974 1840 Si
997 1808 1118 1838 mater
1146 1807 1214 1848 est,

110 1851 257 1902 diligit,
290 1853 331 1892 Si
349 1854 552 1906 aliquando
571 1856 750 1906 peccavit,
770 1869 969 1906 nunquam
989 1854 1215 1904 corrigetur;

110 1904 163 1943 sic
181 1907 376 1944 conveniet
394 1908 627 1959 reprehendi,
643 1916 687 1946 ut
704 1909 979 1947 demonstretur
997 1920 1072 1945 non
1091 1919 1217 1944 neces-

110 1958 206 1996 sario
225 1971 313 1997 cuin
337 1960 460 2011 priore
483 1962 666 2012 posterius
689 1962 882 2000 cohaerere.
923 1962 1010 2000 Hoc
1027 1972 1159 2019 genus,
1180 1965 1217 1996 et

110 2018 243 2050 caetera
260 2014 477 2063 necessaria,
501 2022 539 2052 et
556 2016 710 2053 omnino
728 2016 851 2053 omnis
870 2013 1158 2076 argumentatio,
1180 2018 1217 2049 et

111 2065 193 2113 ejus
217 2067 466 2117 reprehensio,
493 2069 676 2118 majorem
703 2069 910 2120 quamdam
933 2068 1011 2107 vim
1036 2065 1214 2112 continet,
