1429 2344
192 70 264 108 112
306 69 382 108 DE
413 70 802 118 INVENTIONE,
835 70 1007 110 121³.st
1037 70 1142 110 crus.
1163 43 1231 109 502⁴

185 185 253 215 aut
281 191 348 229 per
376 178 712 225 ratiocinationem,
747 186 814 217 aut
844 191 910 230 per
937 178 1210 225 definitionem,
1238 177 1296 215 in-

186 231 298 277 duci;
330 244 406 283 quo
425 232 588 269 sanctius
608 239 644 269 et
669 232 816 270 firmius
834 232 873 269 id
892 232 1063 270 videatur
1081 244 1172 279 esse,
1193 230 1296 283 quod

183 285 350 335 apertius
369 285 550 336 scriptum
570 285 641 323 sit·
671 285 807 323 deinde
833 299 909 324 suae
935 285 1028 336 legis
1047 285 1095 322 ad
1113 285 1296 336 scriptum

183 338 305 388 ipsam
332 340 556 376 sententiam
583 352 735 390 quoque
759 339 979 400 adjungere,
999 338 1224 377 contrariam
1242 338 1298 376 le-

180 405 269 442 gem
302 392 394 430 item
427 392 476 429 ad
507 392 622 430 aham
655 393 880 430 sententiam
912 392 1131 431 traducere·
1120 421 1132 438 ‚
1172 400 1231 440 ut,
1265 392 1296 429 si

182 446 263 483 fieri
281 446 431 497 poterit,
452 458 500 483 ne
517 445 726 496 discrepare
740 446 895 497 quidem
911 446 1110 484 videantur
1123 446 1220 484 inter
1234 458 1272 484 se
1284 459 1296 483 ι

181 507 372 549 postremo
389 499 524 547 facere,
546 499 577 537 si
595 512 708 537 causa
725 499 831 538 dabit
848 500 1081 547 facultatem,
1103 506 1147 537 ut
1168 499 1297 537 nostra

181 553 325 590 ratione
346 560 508 604 utraque
532 553 596 591 lex
621 553 831 591 conservari
856 553 1041 600 videatur,
1068 552 1296 590 adversario-

182 618 269 644 rum
288 606 445 653 ratione,
467 607 584 644 altera
602 606 650 645 sit
667 606 873 644 necessario
894 606 1132 657 negligenda.
1174 606 1297 644 Locos

181 667 310 698 autem
344 673 578 707 communes,
614 667 650 697 et
681 673 777 711 quos
809 660 891 711 ipsa
923 673 1035 698 causa
1066 659 1142 707 det,
1171 660 1298 698 videre

183 713 383 764 oportebit,
418 720 455 751 et
482 726 529 751 ex
557 714 731 751 utilitatis
759 721 796 752 et
822 713 1026 752 honestatis
1053 712 1297 763 amplissimis

182 768 353 818 partibus
366 779 528 815 sumere,
539 767 859 805 demonstrantem
869 780 937 818 per
948 766 1296 817 amplificationem,

182 821 230 858 ad
250 829 376 858 utram
395 821 521 872 potius
538 822 663 871 legem
683 821 856 859 accedere
874 828 1054 871 oporteat.

236 874 285 912 L.
315 874 380 912 Ex
409 874 691 913 ratiocinatione
719 874 885 912 nascitur
914 873 1177 922 controversia,
1209 886 1296 912 cum

181 941 229 965 ex
249 941 306 976 eo,
328 927 432 979 quod
450 928 600 978 uspiam
620 935 688 976 est,
710 928 758 966 ad
776 927 829 976 id,
851 928 955 979 quod
972 940 1163 978 nusquam
1182 928 1299 978 scrip-

183 989 267 1019 tum
286 989 355 1029 est,
375 982 606 1032 pervenitur,
634 982 705 1019 hoc
731 989 864 1032 pacto:
901 981 985 1020 Lex
1013 988 1090 1018 est:
1123 983 1150 1002 “
1171 981 1212 1019 Si
1234 980 1297 1018 fu-

180 1035 301 1073 riosus
320 1043 388 1082 est,
408 1042 634 1085 agnatorum
653 1035 930 1086 gentiliumque
948 1035 988 1072 in
1003 1047 1047 1072 eo
1061 1034 1299 1086 pecuniaque

182 1090 264 1137 ejus
282 1096 445 1139 potestas
461 1096 539 1126 esto
550 1089 590 1126 :'’
618 1095 655 1126 et
668 1090 751 1126 lex:
781 1091 809 1110 ‘⁶
824 1088 1101 1126 Paterfamilias
1114 1088 1172 1126 uti
1187 1101 1300 1139 super

182 1142 331 1180 familia
355 1142 592 1193 pecuniaque
619 1143 688 1180 sua
711 1142 904 1192 legaverit,
932 1142 986 1179 ita
1007 1143 1070 1191 jus
1096 1149 1172 1179 esto
1187 1142 1227 1179 :''
1261 1151 1299 1179 et

183 1196 274 1234 lex:
318 1198 345 1217 ‘⁶
367 1196 408 1234 Si
439 1196 709 1246 paterfamilias
740 1196 916 1234 intestato
947 1195 1121 1243 moritur,
1152 1194 1300 1233 familia

182 1249 418 1300 pecuniaque
430 1251 461 1298 ej
467 1263 511 1287 us
522 1257 747 1300 agnatorum
762 1249 1040 1300 gentiliumque
1054 1249 1172 1287 esto.'’
1198 1248 1299 1296 Qui-

182 1303 273 1340 dam
285 1303 475 1352 judicatus
490 1311 545 1341 est
558 1310 753 1354 parentem
767 1302 966 1341 occidisse:
989 1302 1022 1340 ei
1037 1302 1179 1351 statim,
1195 1301 1298 1354 quod

183 1356 389 1407 effugiendi
415 1363 579 1407 potestas
605 1369 681 1394 non
708 1356 796 1404 fuit,
822 1356 959 1406 ligneae
985 1356 1094 1394 soleae
1118 1355 1158 1394 in
1184 1356 1299 1407 pedes

186 1409 356 1462 [inditae]
377 1418 489 1448 sunt:
520 1423 561 1448 os
583 1416 711 1448 autem
731 1410 956 1448 obvolutum
977 1416 1032 1447 est
1056 1409 1239 1457 folliculo,
1260 1417 1298 1447 et

185 1464 450 1514 praeligatum:
478 1463 613 1502 deinde
632 1472 687 1501 est
705 1464 744 1500 in
764 1477 949 1501 carcerem
967 1462 1165 1510 deductus,
1184 1470 1229 1500 ut
1242 1463 1297 1501 ibi

185 1525 280 1555 esset
311 1517 505 1568 tantisper,
535 1517 628 1555 dum
657 1518 800 1564 culeus,
828 1517 868 1554 in
897 1529 1013 1568 quem
1040 1517 1228 1565 conjectus
1255 1516 1296 1554 in

184 1571 435 1622 profluentem
462 1571 681 1617 deferretur,
703 1578 993 1622 compararetur.
1035 1570 1187 1608 Interea
1212 1570 1298 1621 qui·

183 1625 273 1662 dam
293 1625 373 1673 ejus
391 1624 596 1662 familiares
614 1624 655 1661 in
680 1637 865 1662 carcerem
890 1624 1038 1662 tabulas
1063 1623 1240 1670 afferunt,
1260 1630 1298 1661 et

182 1686 294 1716 testes
313 1677 526 1715 adducunt:
555 1677 734 1723 haeredes,
754 1690 849 1728 quos
867 1677 946 1728 ipse
961 1678 1084 1726 jubet,
1105 1677 1294 1715 scribunt:

183 1732 324 1769 tabulae
342 1731 600 1781 obsignantur.
641 1730 703 1768 De
724 1731 791 1768 illo
817 1739 902 1781 post
926 1730 1157 1781 supplicium
1176 1730 1295 1768 sumi-

182 1792 255 1823 tur.
299 1785 406 1822 Inter
424 1797 499 1832 eos,
523 1784 590 1836 qui
614 1783 814 1821 haeredes
804 1797 845 1821 m
872 1784 1011 1821 tabulis
1040 1783 1168 1834 scripti
1190 1790 1292 1831 sunt,

179 1847 217 1876 et
235 1839 333 1876 inter
351 1845 520 1888 agnatos,
541 1837 587 1874 de
605 1837 664 1874 ho„
636 1837 821 1875 ”reditate
840 1836 1090 1875 controversia
1108 1843 1173 1874 est.
1213 1837 1294 1876 Hic

180 1900 280 1930 certa
286 1892 374 1939 lex,
395 1904 481 1942 quae
503 1890 716 1928 testamenti
742 1890 902 1928 faciendi
923 1889 982 1936 iis,
1003 1889 1071 1940 qui
1089 1889 1127 1926 in
1148 1902 1192 1928 eo
1210 1891 1293 1928 loco

178 1947 267 1993 sint,
287 1945 431 1983 adimat
448 1951 684 1995 potestatem,
706 1945 814 1981 nulla
831 1943 1029 1994 profertur.
1067 1942 1133 1980 Ex
1151 1943 1294 1982 caeteris

177 1999 339 2050 legibus,
361 2005 397 2037 et
415 2012 501 2049 quae
519 1998 621 2035 hunc
634 1998 761 2048 ipsum
776 1997 960 2048 supplicio
974 1997 1195 2045 hujusmodi
1209 1996 1291 2035 affl..

177 2053 296 2100 ciunt,
318 2059 355 2090 et
373 2065 458 2102 qum
477 2051 524 2089 ad
551 2051 764 2089 testamenti
786 2050 946 2089 faciendi
964 2056 1186 2101 potestatem
1205 2063 1290 2100 per-

177 2107 311 2152 tinent,
338 2119 405 2156 per
430 2104 751 2143 ratiocinationem
779 2104 1006 2142 veniendum
1035 2111 1091 2142 est
1115 2103 1163 2141 ad
1191 2103 1290 2152 ejus.

173 2159 277 2198 modi
303 2159 500 2207 rationem,
530 2166 572 2196 ut
597 2165 801 2210 quaeratur,
828 2157 1050 2197 habueritne
1075 2157 1289 2197 testamenti
