1429 2344
150 66 229 106 344
285 62 363 104 DE
393 62 690 113 ORATORE,
712 63 813 103 Lm.
831 65 913 105 ΙΙΙ.
942 66 1046 106 ΟΑΡ.
1064 69 1130 106 52.

152 175 252 214 fecta
270 172 332 219 sit,
352 172 426 211 nisi
447 171 623 224 [natura]
644 180 796 212 moveat
814 187 857 213 ac
876 174 1047 225 delectet,
1068 174 1165 213 nihil
1181 186 1275 213 sane

155 229 275 280 egisse
295 227 476 264 videatur.
507 227 621 264 Nihil
639 234 694 264 est
707 235 836 266 autem
848 236 928 267 tam
943 237 1149 281 cognatum
1163 241 1273 266 men-

157 284 260 320 tibus
280 280 433 328 nostris,
455 293 573 331 quam
598 282 748 318 numeri
774 289 888 333 atque
914 297 1046 329 voces;
1077 283 1217 335 quibus
1236 289 1274 320 et

159 336 386 381 excitamur,
409 342 445 371 et
462 334 717 381 incendimur,
740 342 776 373 et
794 337 974 386 lenimur,
1001 345 1038 376 et
1062 336 1274 388 languesci-

159 403 261 437 mus,
276 397 313 427 et
331 388 380 426 ad
398 388 645 436 hilaritatem,
667 396 704 426 et
719 389 767 426 ad
786 390 992 439 tristitiam,
1010 404 1108 443 saepe
1120 390 1274 435 deduci-

160 457 274 482 mur:
306 455 471 493 quorum
490 443 557 480 illa
576 456 729 480 summa
747 443 802 481 vis
822 445 1054 483 carminibus
1080 453 1135 483 est
1154 444 1277 496 aptior

162 505 200 536 et
218 497 406 544 cantibus,
428 509 505 534 non
524 497 709 547 neglecta,
730 504 775 534 ut
792 499 889 536 mihi
908 499 1071 548 videtur,
1087 512 1110 537 a
1124 499 1163 536 N
1168 498 1276 546 uma,

162 565 251 602 rege
274 550 504 598 doctissimo,
525 551 812 602 majoribusque
836 553 987 601 nostris,
1007 560 1052 590 ut
1077 552 1278 604 epularum

163 605 395 643 sollennium
415 604 507 642 fides
527 617 569 642 ac
589 605 706 653 tibiae,
728 605 997 658 Saliorumque
1015 620 1159 654 versus,
1179 606 1280 644 indi-

165 666 280 703 cant;
310 658 480 696 maxime
517 666 646 696 autem
679 673 702 696 a
736 660 885 698 Graecia
921 668 1045 698 vetere
1081 661 1280 699 celebrata.

166 713 322 760 Quibus
359 712 509 749 utinam
546 712 812 765 similibusque
849 715 896 752 de
932 717 1044 753 rebus
1082 714 1282 765 disputari,

166 780 287 818 quam
314 766 361 804 de
390 767 601 817 puerilibus
631 767 690 805 his
720 769 925 806 verborum
956 767 1282 817 translationibus,

167 820 397 859 maluissetis
413 820 422 857 l

222 875 388 921 Verum,
405 882 448 911 ut
467 874 507 911 in
526 888 633 912 versu
652 875 805 925 vulgus,
821 875 850 913 si
867 883 922 914 est
935 883 1146 927 peccatum,
1161 873 1284 914 videt:

170 929 237 976 sic,
259 928 291 965 si
310 928 404 979 quid
428 927 468 964 in
488 929 617 965 nostra
641 929 809 967 oratione
834 930 1034 978 claudicat,
1055 930 1180 968 sentit.
1210 929 1287 967 Sed

170 986 294 1034 poe‘tae
324 994 401 1019 non
430 981 616 1031 ignoscit;
651 983 760 1020 nobis
791 984 984 1022 concedit:
1019 984 1130 1022 tacite
1158 990 1289 1021 tamen

172 1048 305 1075 omnes
324 1047 401 1072 non
428 1048 505 1073 esse
523 1035 635 1083 illud,
657 1036 760 1086 quod
782 1037 964 1086 diximus,
985 1045 1121 1088 aptum
1144 1037 1290 1088 perfec-

174 1097 337 1140 tumque
370 1096 540 1127 cernunt.
585 1089 724 1139 Itaque
756 1090 815 1127 illi
846 1098 1001 1139 veteres,
1034 1092 1148 1134 (sicut
1176 1091 1291 1130 hodie

174 1143 290 1182 etiam
320 1143 525 1180 nonnullos
554 1143 745 1190 videmus)
774 1157 863 1182 cum
891 1144 1093 1183 circuitum
1118 1152 1155 1183 et
1183 1147 1293 1196 quasi

176 1199 309 1236 orbem
341 1198 545 1234 verborum
578 1197 759 1235 conficere
795 1209 870 1235 non
905 1206 1071 1249 possent,
1106 1202 1214 1242 (nam
1250 1200 1292 1238 id

178 1251 336 1302 quidem
355 1262 478 1301 nuper
497 1250 556 1288 vel
574 1263 683 1301 posse
702 1251 762 1288 vel
786 1252 925 1290 audere
950 1253 1149 1303 coepimus)
1169 1260 1291 1303 terna,

178 1312 247 1343 aut
263 1304 368 1351 bina,
385 1311 452 1341 aut
469 1304 646 1342 nonnulli
665 1304 816 1355 singula
831 1306 946 1343 etiam
964 1308 1079 1345 verba
1092 1307 1292 1346 dicebant:

179 1359 262 1410 qui,
282 1358 323 1395 in
342 1358 410 1395 illa
429 1357 592 1397 infantia
617 1359 797 1406 naturali,
820 1360 935 1401 (illud
961 1360 1065 1412 quod
1089 1374 1198 1399 aures
1223 1361 1294 1400 ho-

179 1413 333 1451 minum
351 1410 592 1462 flagitabant)
604 1412 811 1450 tendebant
829 1420 972 1461 tamen,
987 1424 1030 1452 ut
1044 1421 1081 1453 et
1091 1415 1159 1453 illa
1173 1423 1296 1454 essent

181 1466 302 1518 paria,
324 1480 410 1517 quae
433 1466 614 1516 dicerent,
635 1473 672 1505 et
697 1467 907 1518 aequalibus
932 1468 1300 1521 interspirationibus

183 1528 392 1558 uterentur.

239 1574 336 1619 LII.
366 1573 543 1624 Exposui
561 1574 652 1623 fere,
673 1581 718 1612 ut
735 1575 857 1626 potui,
878 1589 965 1628 quae
982 1576 1152 1616 maxime
1170 1577 1220 1616 ad
1237 1591 1299 1617 or-

185 1635 323 1666 natum
341 1628 519 1666 orationis
538 1629 724 1679 pertinere
742 1629 964 1668 arbitrabar.
999 1630 1097 1669 Dixi
1122 1631 1224 1670 enim
1251 1632 1301 1670 de

186 1682 427 1732 singulorum
455 1682 570 1719 laude
596 1684 825 1730 verborum;
855 1684 937 1722 dixi
961 1684 1009 1723 de
1034 1685 1300 1735 conjunctione

187 1748 346 1781 eorum3
377 1735 458 1772 dixi
477 1735 524 1773 de
549 1748 710 1775 numero
726 1744 841 1788 atque
858 1738 994 1776 forms„
1024 1739 1114 1788 Sed,
1135 1739 1167 1777 si
1190 1740 1301 1778 habi-

189 1797 275 1828 tum
299 1789 476 1827 orationis
502 1789 630 1838 etiam,
653 1797 689 1828 et
714 1791 824 1842 quasi
848 1792 1011 1830 colorem
1036 1792 1219 1844 aliquem,
1239 1807 1300 1832 re-

188 1843 352 1895 quiritis,
380 1849 436 1880 est
460 1848 497 1879 et
514 1843 628 1895 plena
647 1844 838 1895 quaedam,
865 1845 931 1883 sed
955 1852 1084 1884 tamen
1108 1854 1232 1895 teres3
1263 1856 1302 1886 et

188 1897 327 1945 tenuis,
347 1909 425 1934 non
444 1895 524 1935 sine
543 1897 666 1935 nervis
684 1911 728 1936 ac
746 1898 913 1945 viribus3
945 1908 982 1938 et
999 1914 1056 1948 ea,
1077 1914 1165 1952 quae
1181 1902 1302 1953 parti-

190 1963 278 2001 ceps
304 1949 505 2001 utriusque
529 1951 675 2001 generis
700 1952 869 2003 quadam
893 1954 1150 1994 mediocritate
1167 1956 1303 1995 lauda-

189 2012 264 2042 tur.
302 2003 377 2042 His
404 2004 525 2042 tribus
550 2004 682 2055 figuris
707 2006 868 2045 insidere
892 2007 1051 2059 quidam
1078 2011 1302 2061 venustatis,

193 2070 272 2096 non
289 2057 377 2096 fuco
402 2058 536 2107 illitus,
560 2059 626 2097 sed
648 2061 832 2112 sanguine
856 2061 1031 2112 diffusus,
1052 2062 1164 2102 debet
1187 2065 1301 2104 color.

194 2111 304 2150 Tum
322 2111 486 2164 denique
504 2113 612 2152 nobis
637 2113 699 2153 hic
723 2122 847 2154 orator
868 2115 922 2154 ita
939 2117 1232 2157 conformandus
1249 2126 1305 2158 est

194 2173 233 2204 et
251 2165 375 2206 verbis
394 2174 431 2204 et
449 2167 657 2218 sententiis,
678 2176 735 2219 ut,
757 2171 1083 2221 quemadmodum
1101 2172 1170 2225 qui
1186 2181 1305 2213 utun-
