1429 2344
155 88 234 126 384
263 88 339 126 DE
361 88 566 127 CLARIS
587 87 977 135 ORATORIBUS,
999 86 1103 125 CAP.
1124 87 1188 124 31.

158 207 227 233 nec
263 203 391 234 tamen
427 196 558 234 Scauri
593 195 771 233 laudibus
806 193 1120 246 anteponendam.
1170 193 1259 244 Ipse

160 249 275 286 etiam
294 249 468 287 Fufidius
485 249 525 286 in
544 249 671 300 aliquo
689 256 934 299 patronorum
953 260 1111 285 numero
1129 246 1212 285 fuit.

214 302 351 340 XXX.
381 303 551 340 Rutilius
574 310 702 340 autem
719 302 760 339 in
780 302 947 353 quodam
965 301 1061 339 tristi
1080 308 1116 339 et
1135 314 1259 339 severo

160 368 296 405 genere
314 356 462 394 dicendi
480 363 644 394 versatus
664 363 742 401 est;
771 364 808 393 et
820 363 978 406 uterque
995 354 1134 392 natura
1148 355 1260 392 vehe-

162 421 283 456 mens,
305 416 340 447 et
359 423 453 447 acer.
483 410 634 461 Itaque,
654 422 742 447 cum
761 410 840 446 una
858 409 1097 447 consulatum
1110 408 1261 458 petivis-

161 470 257 509 sent,
278 475 355 500 non
373 463 437 500 ille
456 464 593 510 solum,
614 463 681 514 qui
699 463 890 513 repulsam
909 462 1059 510 tulerat,
1080 461 1263 500 accusavit

161 516 325 554 ambitfis
336 516 575 567 designatum
587 517 884 567 competitorem,
896 516 960 553 sed
968 515 1262 563 Scaurusetiam,

161 570 371 617 absolutus,
393 571 585 607 Rutilium
604 571 642 607 in
659 570 847 619 judicium
870 569 1038 607 vocavit:
1068 566 1263 620 multaque

162 623 290 673 opera,
319 624 518 674 multaque
542 623 728 661 industria
753 623 924 660 Rutilius
949 622 1047 668 fuit3
1077 635 1160 673 quoe
1186 630 1265 660 erat

165 684 361 727 propterea
389 677 542 728 gratior,
577 677 679 728 quod
706 677 808 714 idem
837 688 1023 726 magnum
1051 687 1188 713 munus
1215 675 1263 713 de

161 730 247 778 jure
265 731 514 781 respondendi
533 731 750 768 sustinebat.
794 731 893 768 Sunt
915 730 995 778 ejus
1013 729 1192 767 orationes
1207 729 1264 778 je-

162 784 294 831 junae:
315 785 439 822 multa
456 785 634 835 praeclara
648 784 695 822 de
710 785 818 833 jure:
841 783 973 821 doetus
987 783 1058 830 vir,
1078 790 1116 820 et
1127 782 1266 820 Graecis

166 837 284 874 literis
310 838 492 885 eruditus,
521 838 681 875 Panaetii
707 838 868 884 auditor,
896 850 1012 887 prope
1030 836 1208 887 perfectus
1226 836 1266 874 in

166 890 301 928 Stoicis
315 905 326 937 ς
349 905 512 942 quorum
530 898 753 942 peracutum
772 898 808 929 et
822 891 910 928 artis
924 891 1082 941 plenum
1096 890 1268 928 orationis

168 957 302 994 genus,
323 945 388 982 sed
407 952 534 983 tamen
554 945 665 993 exile,
686 957 754 982 nec
773 945 861 983 satis
879 944 1054 995 populari
1072 944 1269 995 assensioni

169 999 508 1036 accommodatum.
553 999 690 1049 Itaque
707 998 787 1046 illa,
815 1011 901 1049 quae
919 997 1071 1048 propria
1089 997 1137 1051 ess
1154 998 1270 1047 hujus

170 1051 391 1102 disciplinae⁷
429 1051 741 1102 philosophorum
778 1052 824 1089 de
860 1064 899 1089 se
932 1051 1101 1101 ipsorum
1122 1051 1268 1101 iopiniQ

171 1105 282 1143 firma
306 1105 347 1142 in
372 1105 443 1142 hoc
468 1105 547 1143 viro
574 1111 610 1143 et
635 1104 778 1142 stabilis
804 1105 957 1142 inventa
983 1111 1048 1142 est.
1090 1091 1164 1197 qu
1183 1118 1272 1142 cum

169 1158 496 1197 innocentissimus
515 1159 554 1196 in
571 1158 760 1207 judicium
778 1165 931 1196 vocatus
946 1165 1053 1204 esset,
1070 1160 1123 1209 (q¹
1135 1171 1156 1196 o
1168 1158 1273 1207 judi-

170 1211 228 1249 cio
240 1213 459 1250 convulsam
473 1212 623 1263 penitus
639 1212 777 1250 scimus
792 1224 869 1249 esse
882 1211 1167 1262 rempublicam)
1183 1225 1270 1250 cum

171 1272 295 1303 essent
322 1278 365 1303 eo
393 1274 561 1316 tempore
587 1265 884 1316 eloquentissimi
910 1265 980 1302 viri
999 1265 1047 1302 L.
1068 1265 1100 1303 C
1136 1279 1217 1304 ssus
1235 1274 1273 1304 et

174 1319 235 1355 M.
262 1319 456 1356 Antonius
482 1319 708 1367 consulares,
739 1331 870 1356 eorum
898 1319 1075 1356 adhibere
1100 1276 1272 1361 ssumm

173 1373 316 1410 voluit:
347 1372 445 1409 dixit
462 1372 541 1423 ipse
560 1385 628 1423 pro
647 1385 749 1417 sese3
772 1379 808 1410 et
825 1385 948 1423 pauca
966 1372 1011 1410 C.
1029 1372 1147 1420 Cotta,
1168 1373 1273 1424 quod

173 1426 308 1464 sororis
341 1434 420 1463 erat
447 1425 562 1471 filius,
593 1433 629 1463 et
658 1425 689 1463 is
719 1425 875 1477 quidem
905 1432 1033 1464 tamen
1060 1434 1104 1464 ut
1121 1434 1271 1472 orator;

173 1493 410 1530 quamquam
430 1488 509 1517 erat
527 1479 735 1517 admodum
754 1479 979 1518 adolescens.
1021 1480 1096 1518 Sed
1115 1480 1156 1527 Q.
1178 1480 1275 1518 Mu-

173 1533 253 1570 cius
280 1533 471 1571 enucleate
496 1533 560 1571 ifle
586 1533 742 1584 quidem
768 1540 804 1570 et
829 1533 959 1584 polite,
979 1540 1024 1571 ut
1042 1534 1188 1580 solebat,
1209 1546 1276 1572 ne-

173 1587 370 1637 quaquam
390 1594 518 1624 autem
537 1587 582 1624 ea
600 1587 636 1623 vi
651 1594 765 1637 atque
779 1587 901 1637 copia,
922 1599 1040 1638 quam
1054 1598 1164 1638 genus
1177 1587 1275 1625 illud

172 1640 320 1688 judicii,
349 1647 385 1677 et
403 1640 627 1690 magnitudo
646 1653 781 1688 causae,
809 1641 1035 1690 postulabat.
1083 1635 1277 1679 Habemus

174 1693 291 1743 igitur
319 1693 360 1730 in
391 1694 525 1731 Stoicis
554 1694 764 1731 oratoribus
793 1694 1000 1742 Rutilium,
1033 1656 1210 1795 Scakum
1235 1694 1275 1732 in

175 1746 364 1798 antiquis:
394 1753 601 1797 utrumque
627 1754 755 1784 tamen
780 1747 994 1795 laudemus,
1015 1761 1104 1798 qum
1148 1760 1188 1785 m
1207 1761 1274 1799 per

175 1800 260 1838 illos
286 1813 334 1837 ne
359 1800 439 1837 haec
467 1799 623 1850 quidem
641 1801 680 1838 in
701 1800 848 1838 civitate
873 1813 1011 1851 genera
1035 1798 1277 1843 hacboratoria

176 1853 291 1891 laude
309 1860 520 1891 caruerunt.
562 1853 661 1891 Volo
682 1854 798 1901 enim,
818 1861 863 1892 ut
886 1855 926 1891 in
947 1855 1070 1902 scena,
1097 1846 1141 1905 {c
1162 1854 1276 1892 etiam

178 1907 219 1944 in
248 1907 343 1955 foro,
370 1919 446 1944 non
474 1919 535 1944 eos
561 1907 674 1944 modo
699 1907 860 1955 laudari,
887 1908 954 1958 qui
980 1908 1090 1946 celen'
1105 1915 1213 1950 motu
1240 1914 1277 1946 et

178 1960 323 1997 difficili
340 1967 510 2008 utantur,
532 1960 597 1997 sed
616 1973 677 1998 eos
697 1961 825 2006 etiam,
846 1974 941 2011 quos
960 1962 1122 2001 statarios
1147 1962 1280 2013 appel-

178 2014 273 2060 lant,
294 2027 458 2064 quorum
478 2013 525 2051 sit
542 2014 610 2051 illa
627 2014 789 2065 simplex
808 2014 848 2051 in
868 2014 1014 2066 agendo
1040 2013 1181 2065 veif'itas⁹
1201 2027 1279 2053 non

179 2067 348 2104 molesta.

233 2119 394 2160 XXXI.
423 2121 490 2171 Et,
509 2121 690 2172 quoniam
709 2123 924 2163 Stoicorum
944 2130 999 2164 est
1017 2123 1110 2163 facta
1122 2121 1280 2171 mentio,
