1429 2344
194 123 273 162 208
330 123 407 162 DE
436 123 732 174 ORATORE,
763 124 861 164 Lm.
884 124 942 166 11.
972 95 1075 164 cip.
1100 124 1162 164 16.

196 239 386 281 quantum
412 232 473 281 sit,
501 245 590 270 cum
614 232 760 281 dicunt,
786 232 995 284 intelligere
1019 233 1115 271 mihi
1146 244 1223 271 non
1249 231 1304 271 vi·

194 285 343 323 dentur.
374 286 415 324 Si
435 286 537 324 enim
557 293 611 324 est
631 286 798 335 oratoris,
819 300 1070 339 quaecumque
1087 300 1145 325 res
1159 286 1307 324 infinite

195 338 318 389 posita
350 339 411 387 sit,
445 340 492 378 de
525 340 570 378 ea
600 353 708 391 posse
741 340 886 386 dicere3
917 341 1119 379 dicendum
1152 341 1222 379 erit
1254 340 1303 388 ei,

196 399 340 442 quanta
368 393 416 430 sit
443 394 530 432 50115
559 394 798 455 magnitudo,
829 408 915 445 quae
942 394 1064 432 forma
1095 401 1228 432 terrae:
1259 393 1307 431 de

196 446 487 495 mathematicis,
517 447 564 485 de
592 448 746 486 musicis
771 450 897 497 rebus,
924 461 1001 486 non
1030 448 1181 499 poterit,
1211 447 1306 499 quin

196 498 310 547 dicat,
340 500 411 538 hoe
429 513 540 539 onere
559 508 743 553 suscepto,
764 515 943 539 recusare.
974 501 1152 553 Denique
1171 501 1218 550 ei,
1241 501 1308 562 qui

195 553 394 603 profitetur
420 568 496 593 esse
523 568 649 604 suum,
677 568 754 593 non
773 556 896 593 solum
916 555 990 594 de
980 556 1025 593 115
1051 554 1308 594 controversiis

196 620 284 657 quae
303 608 536 658 temporibus
556 616 593 646 et
610 609 778 660 personis
797 616 935 647 notatae
953 616 1055 657 sunt,
1082 608 1153 646 hoc
1172 615 1240 657 est,
1261 608 1308 646 de

196 660 375 699 omnibus
400 661 625 712 forensibus,
654 663 718 701 sed
744 663 857 701 etiam
883 663 931 700 de
949 675 1132 713 generum
1149 662 1307 700 infinitis

197 715 483 765 quaestionibus,
514 717 649 765 dicere,
677 717 831 754 nullum
848 723 972 768 potest
990 729 1068 754 esse
1085 728 1206 766 genus
1224 728 1308 754 ora-

198 767 325 816 tionis,
347 769 450 820 quod
469 770 516 808 sit
535 777 747 821 exceptum.

252 822 371 860 XVI.
402 824 477 861 Sed
507 824 538 862 51
567 825 675 862 illam
704 837 856 876 quoque
880 831 1027 875 partem
1053 823 1308 875 quaestionum

198 876 336 913 oratori
355 877 532 916 volumus
545 878 752 929 adjungere
767 891 918 929 vagam,
935 885 971 916 et
985 878 1158 926 liberam,
1179 884 1216 915 et
1233 877 1309 915 late

198 937 404 980 patentem,
434 938 477 969 ut
506 932 552 970 de
577 934 689 970 rebus
715 932 823 970 bonis
848 939 915 970 aut
940 932 1064 979 malis,
1089 930 1308 982 expetendis

198 990 265 1021 aut
283 983 486 1034 fugiendis,
511 985 676 1024 honestis
694 993 760 1023 aut
779 986 967 1036 turpibus,
987 985 1146 1023 utilibus
1164 991 1231 1022 aut
1248 984 1308 1022 in-

199 1037 373 1085 utilibus,
400 1038 447 1076 de
477 1039 628 1088 virtute,
659 1039 705 1077 de
726 1040 900 1100 justitia,
918 1039 965 1076 de
990 1038 1233 1086 continentia,
1263 1038 1311 1075 de

199 1091 416 1141 prudentia,
438 1092 484 1130 de
503 1093 766 1144 magnitudine
785 1093 917 1142 animi,
938 1093 984 1130 de
1006 1092 1243 1139 liberalitate,
1264 1091 1311 1129 (15

200 1144 352 1194 pietate,
382 1145 428 1183 de
457 1147 637 1193 0111101115,
668 1147 715 1185 (15
740 1147 828 1208 fide,
860 1147 907 1185 de
932 1146 1068 1194 officio,
1095 1146 1142 1183 de
1167 1145 1307 1184 caeteris

200 1198 418 1247 virtutibus,
438 1201 707 1252 contrariisque
725 1200 838 1250 vitiis,
859 1199 1062 1238 dicendum
1081 1199 1218 1237 oratori
1237 1212 1309 1259 pu-

201 1258 349 1290 temus:
380 1252 548 1304 itemque
566 1254 612 1292 de
630 1255 838 1315 republica,
859 1254 929 1292 (15
919 1253 1092 1305 lmperio,
1113 1253 1161 1291 de
1178 1265 1218 1290 re
1235 1252 1310 1290 mi-

201 1305 316 1354 litari,
338 1305 385 1344 de
403 1307 601 1359 disciplina
619 1308 792 1356 civitatis,
820 1308 866 1346 de
891 1308 1093 1346 hominum
1111 1306 1306 1344 moribus·
1295 1335 1307 1351 ‚

201 1372 440 1399 assumamus
466 1374 550 1399 eam
570 1375 721 1413 quoque
739 1370 900 1413 partem,
925 1362 989 1400 sed
1013 1362 1079 1409 ita,
1099 1367 1144 1398 ut
1169 1360 1216 1398 sit
1241 1360 1312 1398 cir-

201 1413 428 1465 cumscripta
439 1415 595 1454 modicis
610 1416 836 1476 regionibus.
865 1415 1058 1467 Equidem
1070 1413 1212 1463 omnia,
1226 1427 1312 1465 quae

201 1467 392 1517 pertinent
417 1469 466 1506 ad
491 1482 604 1507 usum
631 1469 785 1517 civium,
811 1482 957 1507 morem
981 1469 1197 1516 11011111111111,
1225 1480 1312 1518 quae

201 1528 398 1558 versantur
411 1522 450 1559 in
463 1523 732 1561 consuetudine
747 1524 846 1572 vitae,
867 1523 908 1560 in
921 1522 1065 1561 ratione
1078 1521 1309 1573 reipublicae‚

201 1573 242 1610 in
261 1574 332 1612 hac
351 1576 524 1614 societate
550 1577 664 1626 civili,
691 1578 731 1614 in
751 1590 861 1615 sensu
879 1576 1081 1614 hominum
1100 1575 1309 1622 communi,

201 1627 243 1664 in
268 1629 418 1677 natura,
445 1630 485 1667 in
504 1632 687 1678 moribus,
708 1629 1060 1682 comprehendenda
1077 1642 1155 1667 esse
1173 1628 1311 1666 oratori

203 1688 323 1732 puto:
354 1683 385 1720 si
409 1683 537 1721 minus
563 1691 607 1722 ut
631 1685 833 1735 separatim
858 1684 905 1722 de
929 1683 988 1721 his
1013 1685 1125 1721 rebus
1146 1682 1313 1732 philoso-

202 1733 369 1785 phorum
387 1748 492 1774 more
511 1738 756 1788 respondeat;
787 1745 826 1775 at
844 1744 956 1786 certe,
975 1743 1020 1774 ut
1032 1737 1074 1773 in
1093 1748 1206 1774 causa
1219 1748 1311 1786 pru-

201 1787 336 1826 denter
353 1790 470 1840 possit
487 1791 677 1829 intexere:
699 1791 800 1829 hisce
818 1798 883 1828 au
872 1804 946 1828 5111
964 1790 1055 1841 ipsis
1073 1789 1120 1826 de
1138 1790 1250 1826 rebus
1268 1795 1313 1825 ut

203 1841 259 1879 ita
282 1843 474 1893 loquatur,
501 1852 545 1882 ut
570 1845 611 1892 ii,
632 1844 699 1895 qui
715 1846 816 1893 jura,
837 1844 905 1895 qui
921 1845 1036 1894 leges,
1057 1843 1125 1894 qui
1144 1842 1312 1881 civitates

204 1896 494 1945 constituerunt,
523 1898 639 1936 locuti
664 1908 766 1946 sunt,
792 1897 1011 1948 simpliciter
1041 1904 1077 1934 et
1102 1895 1311 1947 splendide,

204 1949 287 1987 sine
305 1950 386 1988 ulla
405 1951 497 1988 serie
516 1951 830 2002 disputationum,
859 1959 896 1988 et
915 1951 994 1989 sine
1009 1951 1144 1999 jejuna
1162 1962 1312 1988 concer-

205 2003 347 2041 tatione
362 2006 574 2042 verborum.
604 2005 690 2042 Hoc
707 2005 803 2052 loco,
824 2017 872 2042 ne
891 2017 967 2056 qua
985 2004 1033 2042 sit
1047 2003 1260 2051 admiratio,
1281 2002 1313 2040 si

205 2062 262 2094 tot
280 2064 548 2109 tantarumque
566 2071 693 2096 rerum
716 2059 824 2096 nulla
841 2072 864 2096 a
881 2071 943 2096 me
966 2064 1153 2109 praecepta
1169 2068 1313 2108 ponen-

205 2110 365 2153 (111-,510
390 2118 537 2150 statuo.
569 2112 657 2150 Ut
648 2125 688 2149 m
715 2112 856 2150 caeteris
881 2112 1038 2156 artibus,
1067 2123 1157 2149 cum
1174 2109 1312 2147 tradita

203 2163 282 2201 sint
301 2165 484 2218 cujusque
508 2167 597 2204 artis
622 2165 858 2214 difficillima,
879 2165 1038 2216 reliqua,
1059 2164 1150 2216 quia
1172 2169 1240 2201 aut
1256 2163 1312 2200 fa-

203 2216 334 2257 ciliora
351 2226 418 2258 aut
437 2219 575 2259 similia
593 2220 681 2269 sint,
703 2220 800 2260 tradi
818 2232 894 2258 non
913 2231 1060 2258 necesse
1079 2230 1183 2265 esse3
1212 2223 1256 2255 ut
1275 2217 1319 2255 in
