1428 2308
246 59 323 99 DE
352 58 739 107 INVENTIONE,
771 58 868 96 LIB.
887 57 921 95 Ι.
951 56 1054 96 CAP.
1071 56 1135 100 27.
1192 55 1243 99 27

140 173 218 205 erat
235 165 309 204 de
299 166 359 214 115,
379 179 465 217 quae
482 165 640 215 negotiis
659 165 840 203 attributa
859 171 964 211 sunt)
990 163 1172 215 quaeritur
1188 161 1245 199 10-

140 233 220 267 cus,
240 226 404 270 tempus,
423 220 579 266 occasio,
606 219 756 267 modus,
777 218 983 256 facultates.
1013 217 1138 254 Locus
1159 228 1247 252 con-

141 272 337 319 sideratur,
370 273 410 310 in
443 285 518 324 quo
550 285 607 310 res
639 280 743 322 gesta
770 271 831 320 sit,
870 284 917 309 ex
953 269 1246 321 opportunitate,

142 339 259 376 quam
285 325 455 363 videatur
480 326 654 363 habuisse
682 325 729 362 ad
759 325 954 375 negotium
983 323 1248 361 administran-

142 379 248 417 dum.
278 379 339 416 Ea
357 387 484 416 autem
509 379 769 430 opportunitas
788 378 971 429 quaeritur
989 390 1037 415 ex
1054 375 1248 425 magnitu-

143 432 244 479 dine,
264 432 474 480 intervallo,
494 432 783 496 longinquitate,
804 431 1097 490 propinquitate,
1118 428 1249 466 solitu-

143 485 245 546 (11110,
266 486 491 533 celebritate,
524 487 649 523 natur?
647 501 659 522 ι
678 485 794 536 ipsius
822 485 908 531 loci,
929 492 965 521 et
984 483 1173 522 vicinitate
1191 489 1249 518 to-

144 539 220 576 tius
237 538 423 589 regionis,
454 552 500 576 ex
518 538 577 576 his
596 539 709 576 0113111
729 538 1059 575 attributionibus:
1082 548 1182 572 sacer
1200 547 1249 571 an

145 592 338 652 profanus,
358 592 533 642 publicus
552 605 600 629 an
614 592 796 642 privatus,
817 591 960 628 alienus
986 602 1035 627 an
1053 589 1184 640 ipsius,
1205 588 1252 624 de

145 658 222 696 quo
241 645 379 695 agitur,
406 646 510 683 locus
533 645 580 682 sit
598 658 647 682 an
668 645 792 682 fuerit.
822 644 995 694 'lempus
1021 651 1088 689 est,
1116 642 1156 678 id
1175 653 1252 691 quo

147 711 247 735 nunc
267 698 424 745 utimur,
457 702 563 741 (nam
593 699 720 749 ipsum
747 697 939 748 quidem
922 696 1142 743 ‹teneraliter
1160 694 1253 731 defi-

145 752 225 789 nire
243 751 392 789 difficile
411 759 481 798 est)
508 764 594 801 pars
620 752 794 802 quaedam
821 750 1050 797 aeternitatis,
1078 761 1165 786 cum
1185 747 1253 784 ali-

145 806 252 853 cujus
267 805 398 852 annui,
417 804 615 851 menstrui,
631 804 771 850 diurni,
787 803 1006 841 nocturnive
1025 802 1137 852 spatii
1154 800 1256 838 certa

146 857 426 907 significatione.
470 858 518 895 In
537 857 622 904 1100,
644 865 680 895 et
698 871 783 908 quae
802 856 1061 907 praeterierint,
1083 854 1253 892 conside-

146 918 302 956 rantur3
334 918 371 948 et
396 923 526 948 eorum
545 911 727 961 ipsorum,
756 924 842 962 quae
860 916 1011 960 propter
1030 914 1254 946 vetustatem

146 964 408 1012 obsoleverint,
430 971 474 1001 ut
497 964 731 1001 incredibilia
749 963 960 1010 videantur,
981 969 1018 1000 et
1033 963 1114 1010 jam
1132 961 1173 997 in
1198 960 1255 997 fa-

147 1018 325 1055 bularum
339 1030 543 1055 numerum
561 1024 816 1067 reponantur3
837 1023 874 1054 et
895 1029 981 1067 quae
992 1017 1073 1064 jam
1092 1015 1158 1052 diu
1173 1026 1256 1063 ges-

145 1078 198 1118 ta,
219 1077 256 1107 et
274 1083 297 1107 a
309 1070 493 1108 memoria
506 1071 633 1108 nostra
647 1077 804 1119 remota,
825 1077 952 1107 tamen
971 1068 1111 1106 faciant
1124 1068 1254 1112 fidem,

147 1136 231 1161 vere
245 1123 382 1161 tradita
400 1136 490 1171 esse,
512 1123 614 1174 quod
633 1136 764 1160 eorum
782 1123 1017 1160 monimenta
1035 1128 1135 1160 certa
1152 1121 1192 1158 in
1211 1120 1258 1157 11-

145 1177 233 1214 teris
248 1184 418 1222 exstent;
441 1183 477 1214 et
496 1190 581 1228 quae
595 1189 716 1227 nuper
733 1183 838 1236 gesta
855 1176 943 1223 sint,
964 1188 1050 1226 quae
1068 1175 1159 1212 scire
1176 1174 1258 1225 ple-

148 1230 256 1280 rique
274 1230 442 1280 possint.
476 1237 514 1267 et
540 1230 632 1267 item
656 1243 742 1281 quae
760 1230 899 1267 instent
923 1229 963 1266 in
981 1227 1192 1279 praesentia,
1222 1234 1259 1264 et

149 1297 236 1334 quae
254 1283 422 1321 maxime
441 1284 547 1330 fiant,
568 1291 605 1321 et
623 1297 709 1334 quae
731 1290 1018 1333 consequantur.
1048 1282 1097 1318 In
1118 1281 1258 1332 quibus

149 1343 272 1387 potest
289 1337 527 1385 considerari,
548 1336 641 1387 quid
667 1350 795 1386 ocyus,
828 1344 865 1373 et
884 1335 977 1386 quid
995 1335 1126 1382 serius,
1152 1334 1258 1371 futu-

150 1402 238 1427 rum
258 1389 316 1427 sit.
345 1389 400 1427 Et
423 1390 516 1427 item
541 1390 805 1438 communiter,
836 1389 876 1426 in
895 1396 1064 1439 tempore
1081 1386 1259 1438 perspici-

151 1443 262 1490 endo,
282 1442 538 1494 longinquitas
558 1444 638 1491 ejus
656 1449 711 1480 est
729 1441 1020 1480 consideranda:
1050 1453 1141 1478 nam
1162 1453 1260 1490 saepe

150 1503 296 1546 oportet
314 1496 523 1534 commetiri
542 1509 630 1533 cum
648 1502 817 1546 tempore
835 1495 1044 1556 negotium,
1065 1501 1101 1532 et
1119 1493 1258 1541 videre,

152 1549 364 1600 potueritne
394 1556 460 1586 aut
484 1549 708 1599 magnitudo
726 1549 867 1599 negotii
895 1555 961 1585 aut
979 1547 1186 1585 multitudo
1204 1559 1262 1583 re-

153 1615 239 1640 rum
254 1602 293 1639 in
309 1615 352 1640 eo
364 1602 519 1652 transigi
533 1609 712 1653 tempore.
742 1602 1008 1640 Consideratur
1022 1608 1149 1638 autem
1165 1607 1262 1637 tem-

154 1669 226 1706 pus
245 1663 282 1693 et
299 1655 403 1703 anni,
431 1662 467 1693 et
485 1655 638 1703 mensis,
664 1663 700 1692 et
725 1655 812 1702 diei,
840 1662 876 1692 et
901 1654 1032 1702 noctis,
1053 1661 1090 1692 et
1107 1653 1259 1704 vigiliae,

155 1717 192 1747 et
210 1709 325 1756 horae,
345 1716 382 1746 et
395 1709 435 1746 in
454 1708 583 1759 aliqua
597 1715 703 1759 parte
720 1709 880 1757 alicujus
897 1708 1047 1745 horum.

209 1762 393 1800 XXVII.
423 1761 581 1800 Occasio
600 1770 654 1799 est
671 1774 757 1812 pars
776 1762 968 1812 temporis,
996 1761 1138 1798 habens
1164 1759 1204 1796 in
1224 1772 1263 1797 se

156 1815 316 1864 alicujus
334 1815 387 1853 rei
405 1815 579 1853 idoneam
597 1815 758 1853 faciendi
772 1822 838 1852 aut
856 1827 932 1852 non
950 1813 1110 1851 faciendi
1128 1825 1265 1863 oppor-

158 1868 383 1906 tunitatem.
405 1881 520 1919 quare
539 1881 627 1906 cum
648 1876 815 1918 tempore
833 1867 903 1905 1100
921 1867 1068 1904 differt:
1090 1879 1180 1903 nam
1199 1878 1263 1914 ge-

158 1933 246 1959 nere
264 1921 419 1972 quidem
433 1929 639 1982 utrumque
652 1921 753 1959 idem
772 1934 849 1958 0550
863 1920 1111 1971 intelligitur,
1131 1931 1263 1957 verum

158 1974 199 2011 in
226 1981 394 2025 tempore
421 1974 585 2035 spatium
604 1974 884 2025 quodammodo
909 1973 1131 2019 declaratur,
1162 1970 1265 2021 quod

158 2027 199 2064 in
218 2027 339 2075 annis,
359 2034 426 2065 aut
442 2028 483 2065 in
501 2040 614 2076 anno,
630 2034 697 2066 aut
710 2028 750 2065 in
769 2027 898 2088 aliqua
915 2026 1005 2064 anni
1022 2032 1141 2086 parte,
1162 2035 1265 2074 spec-

161 2087 287 2118 tatur:
317 2081 359 2119 in
387 2081 590 2128 occasione,
621 2080 669 2119 ad
688 2081 854 2131 spatium
883 2079 1074 2129 temporis,
1105 2075 1267 2114 faciendi

161 2133 337 2184 quaedam
365 2134 624 2185 opportunitas
647 2134 872 2186 intelligitur
899 2133 1101 2182 adjuncta·
1132 2141 1265 2182 quare,
