1429 2344
198 128 275 168 256
331 127 407 166 DE
436 130 728 179 ORATORE,
759 131 856 169 Lm.
879 131 936 170 ΙΙ.
966 132 1069 170 CAP.
1091 131 1155 170 61.

197 239 285 277 dem
300 252 411 277 nemo
429 239 600 277 dicacior.
632 238 732 286 Hoc,
752 238 897 289 opinor,
918 239 1100 290 primum,
1120 251 1181 286 ne,
1202 249 1297 288 quo-

198 293 431 344 tiescumque
455 292 619 342 potuerit
643 291 787 330 dictum
814 292 901 341 dici,
927 304 1072 330 necesse
1090 292 1298 330 habeamus

197 346 329 384 dicere.
373 345 541 383 Pusillus
570 345 672 382 testis
701 346 887 396 processit.
933 348 960 368 ‘⁶
976 345 1126 394 Licet,''
1156 343 1296 394 inquit,

197 401 227 420 ‘⁶
246 412 401 449 rogare.
391 399 437 427 ‘2'’
480 398 694 449 Philippus.
736 398 843 436 Tum
872 399 1048 449 quaesitor
1075 409 1294 449 properans,

198 454 226 473 “
242 451 364 489 Modo
382 452 582 490 breviter.''
620 452 676 488 H
666 465 698 489 lc
717 452 795 499 ille,
823 454 851 474 ‘⁶
868 452 959 489 Non
978 452 1190 489 accusabis:
1212 463 1296 501 per-

193 505 379 555 pusillum
403 505 584 555 rogabo-'⁹
620 505 806 542 Ridicule.
848 505 922 543 Sed
941 504 1090 542 sedebat
1105 505 1225 554 judex
1245 503 1293 541 L.

194 558 375 607 Aurifex,
394 559 541 596 brevior
560 558 686 607 etiam,
708 570 824 609 quam
845 558 946 596 testis
965 557 1068 608 ipse:
1099 557 1222 596 omnis
1240 563 1295 594 est

193 611 289 649 risus
313 611 353 648 in
369 612 538 660 judicem
557 624 778 649 conversus:
809 611 947 649 Visum
974 618 1029 648 est
1052 618 1175 648 totum
1194 623 1296 648 scur-

193 665 262 702 rile
285 663 524 716 [judicium].
564 665 670 725 Ergo
693 665 787 713 haec,
815 678 901 716 quae
926 664 1056 702 cadere
1079 671 1237 715 possunt
1253 663 1293 700 in

193 730 288 769 quos
306 719 416 766 nolis,
437 718 610 769 quamvis
635 718 710 756 sint
734 718 846 766 bella,
874 725 963 756 sunt
987 724 1114 755 tamen
1132 718 1214 768 ipso
1232 729 1296 767 ge-

190 783 280 809 nere
306 772 485 809 scurrilia.
515 772 571 810 Ut
592 771 674 819 iste,
695 773 762 823 qui
781 784 819 810 se
844 772 926 809 vult
945 771 1124 819 dicacem,
1145 778 1195 818 et,
1215 782 1296 807 me-

190 823 355 874 hercule,
370 832 437 871 est,
450 826 619 876 Appius,
640 826 704 862 sed
723 837 998 876 nonnunquam
1017 824 1057 862 in
1075 825 1147 863 hoc
1161 823 1296 862 vitium

190 878 345 915 scurrile
369 878 567 916 delabitur.
599 881 626 901 “
643 879 852 926 Coenabo,'’
881 878 1019 930 inquit,
1050 880 1078 899 “
1093 877 1196 929 apud
1214 877 1294 924 te,”

190 930 280 969 huic
311 932 416 970 lusco
451 932 630 970 familiari
654 945 754 980 meo,
790 932 833 970 C.
855 931 1007 970 Sextio:
1039 933 1067 953 ‘⁴
1087 931 1155 969 uni
1192 930 1293 969 enim

189 984 317 1022 locum
348 998 425 1023 esse
449 985 569 1023 video.
574 986 599 1004 ''
638 984 711 1024 Est
734 986 806 1024 hoc
831 985 997 1033 scurrile,
1025 992 1062 1022 et
1086 984 1188 1036 quod
1215 983 1296 1021 sine

191 1038 304 1075 causa
329 1038 526 1086 lacessivit,
555 1046 591 1077 et
616 1046 744 1077 tamen
770 1038 811 1076 id
835 1038 945 1085 dixit,
973 1038 1076 1089 quod
1100 1038 1141 1075 in
1160 1049 1292 1076 omnes

189 1089 312 1129 luscos
331 1092 555 1129 conveniret.
595 1092 669 1139 Ea,
691 1092 780 1143 quia
798 1091 979 1129 meditata
996 1098 1180 1142 putantur
1198 1103 1290 1138 esse,

188 1144 317 1182 minus
336 1144 516 1182 ridentur.
564 1145 670 1183 Illud
689 1145 883 1196 egregium
902 1145 1035 1193 Sextii,
1063 1152 1100 1182 et
1125 1157 1172 1183 ex
1197 1151 1294 1182 tem-

189 1210 302 1248 pore:
335 1200 363 1219 “
379 1198 524 1236 Manus
542 1199 670 1247 lava,''
691 1198 830 1249 inquit,
853 1201 880 1220 “
896 1205 932 1236 et
950 1198 1095 1236 omna-'⁹

242 1250 443 1301 Temporis
461 1251 578 1302 igitur
596 1252 703 1301 ratio,
732 1259 768 1289 et
792 1252 910 1302 ipsius
935 1251 1139 1289 dicacitatis
1161 1251 1291 1289 mode-

187 1303 282 1341 ratio
302 1311 338 1341 et
357 1305 618 1356 temperantia,
649 1313 687 1343 et
712 1305 844 1342 raritas
864 1305 1065 1353 dictorum,
1086 1305 1292 1355 distinguet

185 1364 371 1395 oratorem
391 1371 413 1395 a
432 1359 584 1403 scurra;
606 1365 655 1406 et,
677 1358 779 1409 quod
793 1371 861 1396 nos
876 1371 964 1396 cum
984 1358 1096 1396 causa
1114 1358 1289 1406 dicimus,

186 1421 263 1447 non
283 1418 327 1448 ut
345 1411 495 1449 ridiculi
508 1412 717 1459 videamur,
733 1411 799 1449 sed
816 1419 861 1450 ut
874 1411 1114 1462 proficiamus
1129 1411 1300 1462 aliquid„

185 1462 242 1500 illi
261 1471 385 1501 totum
404 1465 519 1514 diem,
541 1472 578 1503 et
596 1465 675 1503 sine
694 1465 817 1503 causa.
869 1465 977 1512 Quid
996 1465 1098 1502 enim
1116 1472 1170 1502 est
1189 1465 1288 1503 Var-

184 1516 276 1565 gula
291 1525 494 1566 assecutus,
511 1531 599 1556 cum
619 1531 707 1556 eum
722 1518 943 1556 candidatus
956 1518 1008 1555 A.
1027 1518 1286 1568 Sempronius,

184 1581 273 1606 cum
293 1570 354 1607 M.
371 1584 438 1609 suo
457 1572 584 1621 fratre,
606 1572 826 1632 complexus
845 1579 962 1609 esset:
995 1574 1022 1593 ‘⁶
1040 1572 1155 1619 Puer,
1179 1571 1289 1621 abige

183 1634 355 1661 muscas.
347 1624 392 1651 ω’
433 1624 572 1662 Risum
591 1625 776 1676 quaesivit,
798 1625 864 1675 qui
883 1632 951 1673 est,
977 1625 1064 1662 mea
1089 1625 1287 1672 sententia,

184 1675 245 1712 vel
270 1676 512 1715 tenuissimus
537 1678 680 1728 ingenii
704 1678 860 1715 fructus.
890 1678 1063 1728 Tempus
1087 1678 1204 1728 igitur
1229 1678 1287 1714 di-

182 1728 305 1776 cendi,
322 1730 523 1779 prudentia
538 1738 575 1767 et
588 1731 783 1781 gravitate,
799 1731 1286 1781 moderabirnu13quaru1n

182 1781 331 1818 utinam
351 1789 470 1820 artem
489 1783 658 1834 aliquam
676 1784 926 1822 haberemus!
957 1783 1021 1821 sed
1047 1783 1201 1821 domina
1219 1796 1287 1821 na-

180 1841 266 1871 tura
285 1842 350 1872 est.

234 1887 350 1925 LXI.
380 1888 497 1925 Nunc
519 1901 753 1939 exponamus
778 1902 915 1939 genera
939 1889 1021 1940 ipsa
1045 1889 1283 1939 summatim,

181 1953 267 1991 quae
292 1941 410 1978 risum
435 1942 603 1979 maxime
620 1950 807 1979 moveant.
849 1942 945 1980 Haec
963 1942 1079 1993 igitur
1097 1943 1144 1980 sit
1162 1943 1286 1993 prima

180 1993 347 2044 partitio,
377 1994 479 2045 quod
504 1995 622 2033 facete
647 1995 805 2044 dicatur,
830 1996 870 2033 id
894 1996 986 2034 alias
1007 1996 1047 2032 in
1073 2009 1112 2033 re
1137 1996 1284 2045 haberi,

180 2047 272 2084 alias
290 2047 330 2084 in
350 2049 488 2094 verbo,
478 2061 487 2071 ·
517 2048 659 2086 facetiis
684 2056 812 2087 autem
837 2049 1004 2087 maxime
1028 2049 1200 2087 homines
1219 2050 1284 2088 de-

179 2099 322 2148 lectari,
344 2101 374 2138 si
393 2101 546 2152 quando
564 2101 659 2139 risus
677 2102 890 2151 conjuncte,
911 2115 950 2140 re
969 2104 1172 2153 verboque,
1198 2115 1281 2140 mo-

179 2159 320 2190 veatur.
364 2154 439 2192 Sed
463 2155 535 2193 hoc
559 2162 801 2203 mementote,
829 2168 1087 2207 quoscumque
1104 2155 1204 2193 locos
1222 2163 1279 2192 at-

175 2205 337 2255 tingam,
358 2207 460 2246 unde
477 2208 636 2246 ridicula
654 2208 853 2256 ducantur,
878 2221 924 2246 ex
943 2208 1075 2247 iisdem
1095 2208 1185 2247 locis
1203 2208 1279 2246 fere
