1407 2334
209 65 286 104 DE
313 65 605 114 ORATORE,
635 65 732 103 Lm.
755 64 812 102 11.
843 64 946 102 CAP.
966 67 1030 103 90.
1093 67 1169 110 287

77 171 317 222 ignoscimus,
336 172 400 211 sed
419 180 455 210 te
472 171 680 222 diligimus,
700 182 954 222 magnamque
972 171 1039 209 tibi
1058 171 1173 210 habe-

78 237 165 263 mus
193 225 377 275 gratiam;
408 232 445 263 et
471 237 559 263 eum
586 225 862 263 humanitatem
890 231 927 262 et
955 224 1171 262 facilitatem

76 278 313 327 agnoscimus
330 286 452 325 tuam,
478 285 561 316 tum
587 278 818 316 admiramur
842 278 953 315 istam
979 277 1171 316 scientiam

77 337 116 368 et
133 331 291 381 copiam.
327 331 518 382 Equidem
537 331 648 368 etiam
668 332 738 368 hoc
756 343 818 368 me
835 338 1045 368 assecutum
1063 338 1170 381 puto,

104 383 179 420 uod
197 396 335 435 magno
353 397 438 422 sum
456 385 599 422 levatus
624 397 759 431 errore,
779 391 815 421 et
837 383 904 420 illa
926 383 1173 422 admiratione

76 435 268 485 liberatus,
289 437 391 488 quod
408 437 539 475 multis
557 450 644 476 cum
663 437 746 474 aliis
761 449 906 487 semper
920 436 1096 474 admirari
1114 449 1173 474 so-

76 488 217 537 lebam,
236 490 337 528 unde
355 498 448 528 esset
466 490 531 527 illa
557 497 660 528 tanta
678 497 744 527 tua
768 490 808 526 in
835 489 953 527 causis
971 489 1170 528 divinitas:

78 553 146 580 nec
175 542 277 580 enim
307 550 344 581 te
367 543 439 581 ista
463 543 627 593 attigisse
653 543 873 589 arbitrabar,
901 555 986 592 quae
1013 542 1173 593 diligen-

77 594 219 633 tissime
237 597 427 646 cognosse,
448 603 485 634 et
502 596 670 647 undique
696 595 897 646 collegisse,
916 608 1063 645 usuque
1088 596 1176 634 doc.

77 654 162 685 tum
188 649 327 699 partim
354 649 566 697 correxisse,
592 649 713 696 video,
738 648 876 698 partim
904 649 1174 697 comprobasse.

81 699 218 751 Neque
235 713 279 739 eo
296 702 424 740 minus
442 702 694 752 eloquentiam
713 708 832 748 tuam,
854 708 890 738 et
907 701 1030 738 multo
1054 703 1176 751 magis

79 754 254 792 virtutem
273 762 310 792 et
326 754 573 806 diligentiam,
593 755 782 799 admiror;
812 761 848 791 et
873 753 987 791 simul
1013 754 1173 804 gaudeo,
1198 781 1211 788 ,

74 806 262 854 judicium
276 808 394 845 animi
411 808 487 846 mei
505 808 751 858 comprobari,
772 806 873 857 quod
887 818 1032 856 semper
1046 808 1172 855 statui,

80 859 268 897 neminem
283 861 472 911 sapientiae
485 861 636 898 laudem
644 869 680 898 et
687 859 920 910 eloquentiae,
930 859 1009 896 sine
1023 872 1174 898 summo

82 912 206 950 studio
224 920 260 950 et
277 913 404 951 labore
422 920 458 951 et
475 913 657 959 doctrina,
677 911 853 962 consequi
870 924 988 962 posse.
1025 912 1099 949 Sed
1118 920 1173 950 ta-

80 977 166 1002 men
182 965 364 1017 quidnam
383 966 503 1014 estid,
520 966 622 1017 quod
636 965 776 1012 dixisti,
795 965 888 1010 fore,
907 971 950 1001 ut
969 964 1038 1002 tibi
1051 964 1175 1015 ignos-

79 1030 260 1065 ceremus,
279 1018 310 1056 si
324 1020 600 1069 cognossemus,
621 1032 706 1069 quae
724 1025 760 1055 te
782 1030 893 1055 causa
910 1017 950 1053 in
965 1030 1173 1055 sermonem

79 1071 290 1122 impulisset
304 1073 322 1110 ?
349 1072 450 1119 Quae
467 1079 524 1109 est
541 1072 641 1109 enim
660 1071 734 1109 alia
752 1084 876 1119 causa,
896 1070 968 1107 nisi
987 1070 1089 1120 qued
1107 1083 1174 1108 no-

79 1124 152 1171 bis,
183 1131 220 1162 et
243 1124 380 1162 horum
409 1124 699 1163 adolescentium
727 1123 864 1171 studio,
891 1123 958 1173 qui
988 1130 1025 1160 te
1050 1131 1172 1162 atten-

79 1176 222 1215 tissime
239 1177 451 1224 audierunt,
473 1190 617 1215 morem
635 1189 761 1227 gerere
779 1175 930 1214 voluisti
944 1177 962 1203 ⁹

132 1230 239 1267 Tum
256 1230 334 1278 ille,
354 1230 550 1278 Adimere,
569 1230 707 1281 inquit,
726 1241 878 1267 omnem
902 1229 1172 1267 recusationem

80 1282 214 1321 Crasso
231 1283 348 1343 volui,
364 1296 478 1334 quem
497 1296 565 1334 ego
583 1283 697 1334 paulo
716 1282 876 1320 sciebam
896 1282 954 1319 vel
972 1281 1175 1341 pudentius

82 1336 141 1373 vel
164 1335 317 1373 invitius
336 1337 439 1378 (nolo
456 1336 558 1373 enim
583 1336 703 1373 dicere
721 1335 768 1372 de
791 1342 871 1371 tam
889 1334 995 1371 suavi
1021 1334 1175 1372 homine

81 1388 323 1435 fastidiosius)
349 1388 398 1426 ad
422 1389 494 1426 hoc
518 1400 637 1439 genus
661 1387 840 1425 sermonis
859 1386 1040 1424 accedere.
1069 1387 1176 1434 Quid

82 1442 183 1479 enim
197 1441 333 1492 poterit
349 1440 499 1479 dicere?
527 1440 760 1478 consularem
779 1452 816 1476 se
834 1451 910 1477 esse
928 1439 1121 1477 hominem
1140 1448 1176 1477 et

82 1494 324 1532 censorium?
353 1493 483 1532 eadem
501 1501 627 1531 nostra
644 1505 755 1531 causa
771 1499 836 1529 est.
866 1492 932 1529 An
952 1498 1100 1530 aetatem
1118 1493 1175 1530 af-

83 1547 210 1584 feret?
238 1546 482 1597 quadriennio
499 1547 623 1584 minor
648 1552 713 1583 est.
750 1545 817 1582 An
836 1557 874 1582 se
892 1545 1062 1583 nescire?
1091 1559 1177 1596 quae

84 1612 170 1660 ego
174 1608 278 1659 sero,
307 1612 392 1650 quae
410 1599 562 1645 cursim,
589 1598 742 1649 arripui,
763 1610 848 1648 quae
872 1597 1071 1635 subsecivis
1088 1611 1177 1649 ope-

84 1653 134 1690 ris
156 1654 216 1695 (ut
234 1652 372 1699 aiunt),
392 1652 461 1689 iste
486 1665 509 1689 a
526 1664 656 1702 puero,
678 1663 828 1689 summo
853 1650 990 1698 studio,
1017 1652 1177 1689 summis

85 1705 309 1743 doctoribus.
338 1705 449 1742 Nihil
473 1704 596 1742 dicam
624 1704 671 1742 de
695 1703 859 1754 ingenio,
885 1703 946 1741 cui
973 1715 1041 1753 par
1064 1716 1177 1742 nemo

83 1758 179 1796 fuit:
209 1757 348 1796 etenim
374 1770 437 1796 me
462 1757 647 1795 dicentem
674 1756 741 1808 qui
767 1756 939 1804 audierit,
967 1768 1079 1794 nemo
1106 1768 1177 1793 un-

84 1823 201 1862 quam
220 1817 298 1849 tam
317 1810 374 1848 sui
393 1810 598 1861 despiciens
615 1809 702 1857 fuit,
722 1809 814 1860 quin
835 1815 997 1859 speraret
1014 1815 1081 1846 aut
1097 1821 1177 1846 me-

83 1864 171 1912 lius,
191 1871 258 1901 aut
283 1863 415 1902 eodem
440 1863 567 1910 modo,
597 1875 635 1900 se
658 1875 764 1913 posse
788 1861 932 1899 dicere:
963 1861 1096 1900 Crasso
1120 1861 1177 1900 di-

86 1924 205 1964 cente,
225 1929 336 1954 nemo
354 1923 433 1954 tam
451 1928 641 1966 arrogans,
661 1915 728 1966 qui
752 1914 922 1952 similiter
945 1926 983 1952 se
1007 1926 1177 1964 unquam

84 1969 274 2007 dicturum
293 1981 370 2008 asse
388 1969 599 2008 confideret.
630 1968 905 2016 Quamobrem,
927 1978 974 2003 ne
986 1965 1125 2003 frustra
1139 1967 1180 2006 hi

88 2022 180 2060 tales
198 2022 267 2060 viri
285 2023 466 2070 venerint,
486 2028 524 2059 te
541 2020 757 2072 aliquando,
777 2020 921 2065 Crasse,
941 2018 1152 2058 audiamus.

141 2073 227 2113 XC.
255 2074 360 2113 Tum
379 2075 457 2123 ille,
478 2075 533 2113 Ut
550 2074 603 2112 ita
620 2074 691 2112 ista
709 2086 785 2111 esse
807 2071 1020 2133 concedam,
1040 2071 1178 2124 inquit,
