1429 2344
170 87 251 127 420
271 86 349 126 DE
370 87 577 127 CLARIS
597 86 988 137 ORATORIBUS‚
1005 87 1110 130 CAP.
1125 89 1191 135 70.

226 194 382 233 LXIX.
422 195 571 234 Eodem
590 203 760 247 tempore
779 196 824 235 C.
845 203 882 235 et
901 197 947 235 L.
969 197 1132 249 Caepasii
1149 197 1283 238 fratres

170 247 338 295 fuerunt,
360 248 426 299 qui
445 250 570 287 multa
587 251 715 300 oper-22,
735 250 856 300 ignoti
874 251 1045 291 homines
1065 258 1102 289 et
1119 253 1283 303 repenti-

171 302 225 349 ni,
256 310 457 352 quaestores
486 304 653 342 celeriter
677 304 768 341 facti
794 312 882 342 sunt
907 306 1097 356 oppidano
1115 306 1282 356 quodam

171 362 208 392 et
226 355 418 394 incondito
437 370 573 407 genere
591 357 751 395 dicendi.
781 358 986 396 Addamus
999 359 1075 396 huc
1089 359 1218 405 etiam,
1234 372 1283 397 ne

169 421 285 459 quem
311 411 479 447 vocalem
498 411 719 461 praeteriisse
739 411 949 459 videamur,
981 412 1026 450 C.
1054 412 1282 451 Cosconium

171 462 430 509 Calidianum,
452 465 532 515 qui,
553 465 661 502 nullo
680 465 868 512 acumine,
890 477 974 502 eam
997 472 1124 504 tamen
1150 468 1281 504 verbo-

166 528 254 553 rum
274 517 437 567 copiam,
459 519 489 556 si
504 532 621 570 quam
636 519 814 567 habebat,
829 520 1023 569 praebebat
1035 519 1178 570 populo
1192 532 1280 557 cum

165 570 290 607 multa
302 572 596 619 concursatione,
612 585 830 623 magnoque
842 573 1016 610 clamore.
1047 572 1165 620 Quod
1178 573 1280 611 idem

165 622 326 662 faciebat
345 624 395 671 Q.
412 626 565 673 Arrius,
583 626 649 677 qui
664 625 738 663 fuit
757 626 818 663 M.
836 625 961 664 Crassi
976 627 1084 677 quasi
1099 627 1280 664 secunda„-

164 689 263 714 rum.
296 677 336 715 Is
365 679 543 717 omnibus
569 680 744 730 exemplo
769 680 881 717 debet
908 693 1000 727 esse,
1021 687 1210 731 quantum
1237 680 1278 718 in

164 729 236 768 hac
254 733 348 769 urbe
366 733 507 782 polleat
525 734 737 771 multorum
756 733 907 771 obedire
931 733 1107 784 tempori,
1136 734 1278 772 multo-

163 796 327 835 rumque
346 786 406 823 vel
424 787 559 824 honori
577 788 637 824 vel
655 787 823 837 periculo
841 787 988 825 servire.
1018 787 1094 825 His
1106 787 1207 824 enim
1219 801 1277 826 re.-

162 838 248 885 bus,
268 839 402 877 infimo
433 841 515 878 loco
547 848 673 887 natus,
698 848 735 878 et
760 841 920 878 honores
948 848 986 878 et
1012 841 1213 891 pecuniam
1240 850 1277 880 et

163 892 326 941 gratiam
345 901 579 941 consecutus,
607 894 722 932 etiam
743 894 784 931 in
808 901 1070 944 patronorum,
1091 894 1171 932 sine
1189 894 1278 933 doc-

162 945 276 993 trina,
304 947 384 984 sine
411 948 577 998 ingenio,
608 948 776 999 aliquem
808 960 1015 985 numerum
1042 955 1275 999 pervenerat.

163 998 251 1045 Sed,
266 1007 310 1037 ut
322 1002 471 1051 pugiles
485 1001 731 1048 inexercitati,
749 1001 896 1039 etiamsi
906 1014 1056 1052 pugnos
1074 1009 1111 1039 et
1129 1003 1274 1052 plagas,

163 1051 438 1104 Olympiorum
451 1055 592 1105 cupidi,
611 1054 705 1093 ferre
719 1061 890 1105 possunt,
904 1055 1023 1093 solem
1035 1062 1163 1093 tamen
1177 1068 1276 1106 saepe

161 1106 257 1144 ferre
275 1119 352 1145 non
371 1116 554 1159 possunt3
584 1108 635 1146 sic
660 1109 738 1156 ille,
759 1121 861 1155 cum,
890 1108 996 1147 omni
1015 1109 1098 1158 jam
1120 1109 1275 1146 fortuna

160 1173 337 1212 prospere
360 1162 530 1209 functus,
553 1163 700 1200 labores
724 1162 838 1199 etiam
866 1175 1025 1212 magnos
1052 1163 1270 1213 excepisset,

160 1214 265 1252 illius
291 1215 482 1264 judicialis
512 1216 603 1253 anni
629 1216 879 1263 severitatem,
900 1216 1010 1266 quasi
1035 1216 1167 1265 solem,
1196 1229 1274 1254 non

160 1268 260 1306 tulit.
1257 1305 1260 1307 Α

214 1322 322 1360 Tum
341 1322 510 1369 Atticus,
531 1324 596 1361 Tu
616 1323 770 1375 quidem
790 1323 837 1361 de
855 1323 958 1371 faece,
974 1323 1112 1375 inquit,
1129 1323 1271 1371 hauris,

158 1375 275 1427 idque
290 1377 521 1426 jamdudum
536 1393 545 1415 :
577 1379 641 1416 sed
656 1379 827 1415 tacebam
843 1391 854 1421 3
885 1377 957 1415 hoc
971 1390 1057 1415 vero
1071 1390 1148 1415 non
1161 1385 1272 1428 puta.-

158 1432 264 1477 bam,
285 1439 322 1468 te
340 1445 460 1482 usque
479 1432 528 1469 ad
548 1432 720 1469 Stalenos
739 1439 776 1469 et
793 1431 1004 1468 Autronios
1031 1444 1109 1469 esse
1139 1439 1273 1469 ventu-

157 1497 257 1521 rum.
289 1485 381 1522 Non
409 1492 516 1536 puto,
543 1485 717 1536 inquam,
745 1484 960 1522 existimare
987 1491 1038 1531 te,
1067 1485 1273 1523 ambitione

158 1550 223 1575 me
240 1538 318 1575 labi
335 1552 346 1584 ;
377 1539 519 1590 quippe
538 1539 585 1577 de
599 1538 759 1576 mortuis
776 1553 786 1576 :
817 1538 896 1585 sed,
911 1538 1083 1576 ordinem
1097 1551 1271 1590 sequens,

158 1591 199 1628 in
218 1592 442 1630 memoriam
462 1600 592 1630 notam
612 1600 648 1630 et
671 1593 857 1644 aequalem
881 1592 1086 1630 necessario
1107 1592 1269 1630 incurro.

158 1645 260 1682 Volo
279 1653 407 1683 autem
425 1647 497 1684 hoc
515 1647 688 1697 perspici,
710 1646 887 1684 omnibus
902 1645 1134 1696 conquisitis,
1150 1646 1218 1696 qui
1230 1646 1271 1684 in

157 1699 404 1737 multitudine
422 1700 544 1737 dicere
562 1700 644 1738 ausi
658 1700 746 1747 sint,
767 1699 953 1737 memoria
967 1699 1123 1750 quidem
1137 1699 1271 1750 dignos

157 1765 389 1803 perpaucos;
419 1766 566 1799 verum,
598 1753 665 1804 qui
696 1753 853 1791 omnino
884 1765 1024 1790 nomen
1052 1752 1268 1801 habuerint,

157 1818 235 1843 non
254 1806 307 1844 ita
325 1807 467 1845 multos
485 1807 612 1845 fuisse.
661 1807 736 1845 Sed
754 1807 803 1844 ad
822 1819 1034 1844 sermonem
1051 1805 1269 1844 institutum

156 1867 402 1898 revertamur.

211 1913 344 1951 LXX.
374 1914 424 1952 T.
441 1913 675 1966 Torquatus,
697 1913 747 1951 T.
768 1914 813 1951 F.
836 1920 872 1952 et
885 1914 1017 1952 doctus
1032 1912 1089 1951 vir
1100 1925 1147 1950 ex
1159 1913 1267 1951 Rho-

155 1967 220 2005 dia
237 1967 438 2018 disciplina
457 1967 641 2013 Molonis,
663 1976 699 2005 et
717 1981 740 2005 a
758 1968 895 2005 natura
913 1967 962 2004 ad
980 1966 1182 2004 dicendum
1207 1980 1267 2004 sa-

155 2021 202 2058 tis
222 2021 367 2059 solutus
386 2029 500 2072 atque
519 2022 730 2073 expeditus,
752 2021 830 2064 (cui
848 2021 880 2058 si
898 2021 976 2059 vita
993 2019 1267 2071 suppeditavis-

156 2081 224 2120 set,
254 2075 403 2113 sublato
422 2076 583 2123 ambitu,
610 2075 742 2113 consul
765 2075 886 2112 factus
911 2081 1022 2120 esset)
1042 2074 1128 2125 plus
1147 2073 1266 2112 facul-

91 2171 95 2173 ,
153 2127 241 2166 tatis
263 2128 398 2167 habuit
425 2129 473 2167 ad
497 2129 716 2177 dicendum,
743 2141 862 2180 quam
884 2128 1099 2167 voluntatis.
1130 2127 1266 2179 Itaque
