<?xml version="1.0" encoding="UTF-8"?>
<!DOCTYPE html PUBLIC "-//W3C//DTD XHTML 1.0 Transitional//EN"
    "http://www.w3.org/TR/xhtml1/DTD/xhtml1-transitional.dtd">
<html xmlns="http://www.w3.org/1999/xhtml" xml:lang="en" lang="en">
 <head>
  <title>
</title>
<meta http-equiv="Content-Type" content="text/html;charset=utf-8" />
  <meta name='ocr-system' content='tesseract 3.04.00' />
  <meta name='ocr-capabilities' content='ocr_page ocr_carea ocr_par ocr_line ocrx_word'/>
</head>
<body>
  <div class='ocr_page' id='page_1' title='image "./operaern01ciceuoft_0022.png"; bbox 0 0 1429 2344; ppageno 0'>
   <div class='ocr_carea' id='block_1_1' title="bbox 155 83 1143 136">
    <p class='ocr_par' dir='ltr' id='par_1_1' title="bbox 155 83 1143 136">
     <span class='ocr_line' id='line_1_1' title="bbox 155 83 1143 136; baseline 0.002 -13"><span class='ocrx_word' id='word_1_1' title='bbox 155 84 178 122; x_wconf 87' lang='lat'>4</span> <span class='ocrx_word' id='word_1_2' title='bbox 272 83 348 124; x_wconf 89' lang='lat' dir='ltr'>DE</span> <span class='ocrx_word' id='word_1_3' title='bbox 379 85 766 136; x_wconf 86' lang='lat' dir='ltr'>INVENTIONE,</span> <span class='ocrx_word' id='word_1_4' title='bbox 797 87 895 126; x_wconf 81' lang='lat' dir='ltr'>Lm.</span> <span class='ocrx_word' id='word_1_5' title='bbox 918 87 951 126; x_wconf 94' lang='grc' dir='ltr'>Ι.</span> <span class='ocrx_word' id='word_1_6' title='bbox 982 87 1084 127; x_wconf 80' lang='lat' dir='ltr'><strong>CAP.</strong></span> <span class='ocrx_word' id='word_1_7' title='bbox 1107 87 1143 126; x_wconf 88' lang='grc'>4.</span> 
     </span>
    </p>
   </div>
   <div class='ocr_carea' id='block_1_2' title="bbox 112 192 1262 2223">
    <p class='ocr_par' dir='ltr' id='par_1_2' title="bbox 112 192 1262 2223">
     <span class='ocr_line' id='line_1_2' title="bbox 149 192 1261 244; baseline 0.002 -15"><span class='ocrx_word' id='word_1_8' title='bbox 149 200 219 239; x_wconf 83' lang='lat' dir='ltr'>ret,</span> <span class='ocrx_word' id='word_1_9' title='bbox 249 192 447 231; x_wconf 84' lang='lat' dir='ltr'>videretur.</span> <span class='ocrx_word' id='word_1_10' title='bbox 478 194 582 232; x_wconf 91' lang='lat' dir='ltr'>Hinc</span> <span class='ocrx_word' id='word_1_11' title='bbox 606 195 803 242; x_wconf 88' lang='lat' dir='ltr'>nimirum,</span> <span class='ocrx_word' id='word_1_12' title='bbox 830 207 906 234; x_wconf 92' lang='lat' dir='ltr'>non</span> <span class='ocrx_word' id='word_1_13' title='bbox 931 195 1084 244; x_wconf 85' lang='lat' dir='ltr'>injuria,</span> <span class='ocrx_word' id='word_1_14' title='bbox 1105 207 1191 232; x_wconf 89' lang='lat' dir='ltr'>cum</span> <span class='ocrx_word' id='word_1_15' title='bbox 1211 193 1261 231; x_wconf 89' lang='lat' dir='ltr'>ad</span> 
     </span>
     <span class='ocr_line' id='line_1_3' title="bbox 149 247 1260 300; baseline 0.001 -17"><span class='ocrx_word' id='word_1_16' title='bbox 149 247 406 296; x_wconf 87' lang='lat' dir='ltr'>gubernacula</span> <span class='ocrx_word' id='word_1_17' title='bbox 429 248 646 299; x_wconf 87' lang='lat' dir='ltr'>reipublicae</span> <span class='ocrx_word' id='word_1_18' title='bbox 669 249 858 286; x_wconf 82' lang='lat' dir='ltr'>temerarii</span> <span class='ocrx_word' id='word_1_19' title='bbox 883 256 997 300; x_wconf 89' lang='lat' dir='ltr'>atque</span> <span class='ocrx_word' id='word_1_20' title='bbox 1014 248 1172 292; x_wconf 77' lang='lat' dir='ltr'>audaces</span> <span class='ocrx_word' id='word_1_21' title='bbox 1191 247 1260 285; x_wconf 93' lang='lat' dir='ltr'>ho-</span> 
     </span>
     <span class='ocr_line' id='line_1_4' title="bbox 148 299 1262 351; baseline 0.002 -15"><span class='ocrx_word' id='word_1_22' title='bbox 148 299 270 337; x_wconf 88' lang='lat' dir='ltr'>mines</span> <span class='ocrx_word' id='word_1_23' title='bbox 296 309 537 348; x_wconf 89' lang='lat' dir='ltr'>accesserant,</span> <span class='ocrx_word' id='word_1_24' title='bbox 564 302 734 340; x_wconf 86' lang='lat' dir='ltr'>maxima</span> <span class='ocrx_word' id='word_1_25' title='bbox 759 315 802 340; x_wconf 86' lang='lat' dir='ltr'>ac</span> <span class='ocrx_word' id='word_1_26' title='bbox 826 302 1038 340; x_wconf 89' lang='lat' dir='ltr'>miserrima</span> <span class='ocrx_word' id='word_1_27' title='bbox 1062 301 1262 351; x_wconf 84' lang='lat' dir='ltr'>naufragia</span> 
     </span>
     <span class='ocr_line' id='line_1_5' title="bbox 150 352 1261 417; baseline 0.002 -27"><span class='ocrx_word' id='word_1_28' title='bbox 150 352 301 390; x_wconf 86' lang='lat' dir='ltr'>fiebant.</span> <span class='ocrx_word' id='word_1_29' title='bbox 332 353 484 400; x_wconf 88' lang='lat' dir='ltr'><strong>Quibus</strong></span> <span class='ocrx_word' id='word_1_30' title='bbox 498 357 609 393; x_wconf 92' lang='lat' dir='ltr'>rebus</span> <span class='ocrx_word' id='word_1_31' title='bbox 623 363 773 393; x_wconf 87' lang='lat' dir='ltr'>tantum</span> <span class='ocrx_word' id='word_1_32' title='bbox 792 355 868 394; x_wconf 90' lang='grc'><strong>0(111</strong></span> <span class='ocrx_word' id='word_1_33' title='bbox 882 363 1000 417; x_wconf 76' lang='lat' dir='ltr'>atque</span> <span class='ocrx_word' id='word_1_34' title='bbox 1014 355 1165 393; x_wconf 85' lang='lat' dir='ltr'>invidiae</span> <span class='ocrx_word' id='word_1_35' title='bbox 1179 367 1261 392; x_wconf 91' lang='lat' dir='ltr'>sus-</span> 
     </span>
     <span class='ocr_line' id='line_1_6' title="bbox 149 407 1260 459; baseline 0.002 -16"><span class='ocrx_word' id='word_1_36' title='bbox 149 407 248 456; x_wconf 85' lang='lat' dir='ltr'>cepit</span> <span class='ocrx_word' id='word_1_37' title='bbox 266 407 493 458; x_wconf 75' lang='lat' dir='ltr'>eloquentia,</span> <span class='ocrx_word' id='word_1_38' title='bbox 514 416 557 446; x_wconf 88' lang='lat' dir='ltr'>ut</span> <span class='ocrx_word' id='word_1_39' title='bbox 575 409 775 447; x_wconf 90' lang='lat' dir='ltr'>homines</span> <span class='ocrx_word' id='word_1_40' title='bbox 765 409 1069 459; x_wconf 81' lang='lat' dir='ltr'>ingeniosissimi,</span> <span class='ocrx_word' id='word_1_41' title='bbox 1090 408 1198 459; x_wconf 87' lang='lat' dir='ltr'>quasi</span> <span class='ocrx_word' id='word_1_42' title='bbox 1213 420 1260 445; x_wconf 89' lang='lat' dir='ltr'>ex</span> 
     </span>
     <span class='ocr_line' id='line_1_7' title="bbox 147 459 1261 513; baseline 0.002 -17"><span class='ocrx_word' id='word_1_43' title='bbox 147 459 277 510; x_wconf 86' lang='lat' dir='ltr'>aliqua</span> <span class='ocrx_word' id='word_1_44' title='bbox 295 461 447 499; x_wconf 82' lang='lat' dir='ltr'>turbida</span> <span class='ocrx_word' id='word_1_45' title='bbox 466 469 685 512; x_wconf 82' lang='lat' dir='ltr'>tempestate</span> <span class='ocrx_word' id='word_1_46' title='bbox 702 462 742 499; x_wconf 90' lang='lat' dir='ltr'>in</span> <span class='ocrx_word' id='word_1_47' title='bbox 761 470 928 513; x_wconf 82' lang='lat' dir='ltr'>portum,</span> <span class='ocrx_word' id='word_1_48' title='bbox 953 462 1004 500; x_wconf 90' lang='lat' dir='ltr'>sic</span> <span class='ocrx_word' id='word_1_49' title='bbox 1022 475 1068 499; x_wconf 89' lang='lat' dir='ltr'>ex</span> <span class='ocrx_word' id='word_1_50' title='bbox 1087 461 1261 499; x_wconf 86' lang='lat' dir='ltr'>seditiosa</span> 
     </span>
     <span class='ocr_line' id='line_1_8' title="bbox 148 514 1261 567; baseline 0.002 -18"><span class='ocrx_word' id='word_1_51' title='bbox 148 520 186 550; x_wconf 87' lang='lat' dir='ltr'>et</span> <span class='ocrx_word' id='word_1_52' title='bbox 210 514 446 552; x_wconf 88' lang='lat' dir='ltr'>tumultuosa</span> <span class='ocrx_word' id='word_1_53' title='bbox 473 515 551 552; x_wconf 86' lang='lat' dir='ltr'>vita</span> <span class='ocrx_word' id='word_1_54' title='bbox 577 529 615 553; x_wconf 92' lang='lat' dir='ltr'>se</span> <span class='ocrx_word' id='word_1_55' title='bbox 640 516 681 553; x_wconf 89' lang='lat' dir='ltr'>in</span> <span class='ocrx_word' id='word_1_56' title='bbox 707 516 875 553; x_wconf 89' lang='lat' dir='ltr'>studium</span> <span class='ocrx_word' id='word_1_57' title='bbox 894 515 1049 567; x_wconf 85' lang='lat' dir='ltr'><strong>aliquod</strong></span> <span class='ocrx_word' id='word_1_58' title='bbox 1074 515 1261 552; x_wconf 81' lang='lat' dir='ltr'>traderent</span> 
     </span>
     <span class='ocr_line' id='line_1_9' title="bbox 149 566 1261 620; baseline 0.002 -18"><span class='ocrx_word' id='word_1_59' title='bbox 149 566 335 616; x_wconf 89' lang='lat' dir='ltr'>quietum.</span> <span class='ocrx_word' id='word_1_60' title='bbox 384 567 514 614; x_wconf 85' lang='lat' dir='ltr'>Quare</span> <span class='ocrx_word' id='word_1_61' title='bbox 532 568 629 606; x_wconf 87' lang='lat' dir='ltr'>mihi</span> <span class='ocrx_word' id='word_1_62' title='bbox 647 569 822 607; x_wconf 88' lang='lat' dir='ltr'>videntur</span> <span class='ocrx_word' id='word_1_63' title='bbox 839 576 969 620; x_wconf 89' lang='lat' dir='ltr'>postea</span> <span class='ocrx_word' id='word_1_64' title='bbox 986 575 1118 606; x_wconf 88' lang='lat' dir='ltr'>caetera</span> <span class='ocrx_word' id='word_1_65' title='bbox 1136 567 1261 606; x_wconf 84' lang='lat' dir='ltr'>studia</span> 
     </span>
     <span class='ocr_line' id='line_1_10' title="bbox 148 620 1261 673; baseline 0.002 -17"><span class='ocrx_word' id='word_1_66' title='bbox 148 626 249 657; x_wconf 85' lang='lat' dir='ltr'>recta</span> <span class='ocrx_word' id='word_1_67' title='bbox 268 627 381 671; x_wconf 88' lang='lat' dir='ltr'>atque</span> <span class='ocrx_word' id='word_1_68' title='bbox 405 621 574 670; x_wconf 89' lang='lat' dir='ltr'>honesta,</span> <span class='ocrx_word' id='word_1_69' title='bbox 595 636 662 673; x_wconf 90' lang='lat' dir='ltr'>per</span> <span class='ocrx_word' id='word_1_70' title='bbox 681 623 803 660; x_wconf 87' lang='lat' dir='ltr'>otium</span> <span class='ocrx_word' id='word_1_71' title='bbox 821 623 1077 660; x_wconf 87' lang='lat' dir='ltr'>concelebrata</span> <span class='ocrx_word' id='word_1_72' title='bbox 1097 623 1144 659; x_wconf 86' lang='lat' dir='ltr'>ab</span> <span class='ocrx_word' id='word_1_73' title='bbox 1163 620 1261 671; x_wconf 88' lang='lat' dir='ltr'>opti-</span> 
     </span>
     <span class='ocr_line' id='line_1_11' title="bbox 148 673 1259 726; baseline 0.002 -17"><span class='ocrx_word' id='word_1_74' title='bbox 148 673 235 720; x_wconf 87' lang='lat' dir='ltr'>mis,</span> <span class='ocrx_word' id='word_1_75' title='bbox 252 674 427 712; x_wconf 76' lang='lat' dir='ltr'>enituisse</span> <span class='ocrx_word' id='word_1_76' title='bbox 441 688 452 720; x_wconf 90' lang='lat'>;</span> <span class='ocrx_word' id='word_1_77' title='bbox 473 675 544 713; x_wconf 92' lang='lat' dir='ltr'>hoc</span> <span class='ocrx_word' id='word_1_78' title='bbox 558 689 658 725; x_wconf 89' lang='lat' dir='ltr'>vero,</span> <span class='ocrx_word' id='word_1_79' title='bbox 672 689 694 713; x_wconf 87' lang='lat' dir='ltr'>a</span> <span class='ocrx_word' id='word_1_80' title='bbox 707 676 896 726; x_wconf 89' lang='lat' dir='ltr'>plerisque</span> <span class='ocrx_word' id='word_1_81' title='bbox 911 688 1041 714; x_wconf 90' lang='lat' dir='ltr'>eorum</span> <span class='ocrx_word' id='word_1_82' title='bbox 1055 675 1259 721; x_wconf 86' lang='lat' dir='ltr'>desertum,</span> 
     </span>
     <span class='ocr_line' id='line_1_12' title="bbox 148 727 1262 780; baseline 0.001 -17"><span class='ocrx_word' id='word_1_83' title='bbox 148 727 373 766; x_wconf 89' lang='lat' dir='ltr'>obsolevisse</span> <span class='ocrx_word' id='word_1_84' title='bbox 392 741 434 766; x_wconf 91' lang='lat' dir='ltr'>eo</span> <span class='ocrx_word' id='word_1_85' title='bbox 454 735 635 779; x_wconf 87' lang='lat' dir='ltr'>tempore,</span> <span class='ocrx_word' id='word_1_86' title='bbox 663 742 739 780; x_wconf 91' lang='lat' dir='ltr'>quo</span> <span class='ocrx_word' id='word_1_87' title='bbox 757 730 880 766; x_wconf 91' lang='lat' dir='ltr'>multo</span> <span class='ocrx_word' id='word_1_88' title='bbox 899 728 1157 767; x_wconf 91' lang='lat' dir='ltr'>vehementius</span> <span class='ocrx_word' id='word_1_89' title='bbox 1183 734 1262 765; x_wconf 87' lang='lat' dir='ltr'>erat</span> 
     </span>
     <span class='ocr_line' id='line_1_13' title="bbox 148 780 1261 832; baseline 0.001 -15"><span class='ocrx_word' id='word_1_90' title='bbox 148 780 403 830; x_wconf 83' lang='lat' dir='ltr'>retinendum,</span> <span class='ocrx_word' id='word_1_91' title='bbox 433 788 470 819; x_wconf 88' lang='lat' dir='ltr'>et</span> <span class='ocrx_word' id='word_1_92' title='bbox 488 781 688 820; x_wconf 86' lang='lat' dir='ltr'>studiosius</span> <span class='ocrx_word' id='word_1_93' title='bbox 707 782 986 832; x_wconf 85' lang='lat' dir='ltr'>adaugendum.</span> <span class='ocrx_word' id='word_1_94' title='bbox 1033 781 1154 829; x_wconf 89' lang='lat' dir='ltr'>Nam,</span> <span class='ocrx_word' id='word_1_95' title='bbox 1184 794 1261 831; x_wconf 92' lang='lat' dir='ltr'>quo</span> 
     </span>
     <span class='ocr_line' id='line_1_14' title="bbox 147 833 1260 883; baseline 0.002 -14"><span class='ocrx_word' id='word_1_96' title='bbox 147 833 342 883; x_wconf 85' lang='lat' dir='ltr'>indignius</span> <span class='ocrx_word' id='word_1_97' title='bbox 361 847 442 872; x_wconf 87' lang='lat' dir='ltr'>rem</span> <span class='ocrx_word' id='word_1_98' title='bbox 460 834 763 874; x_wconf 86' lang='lat' dir='ltr'>honestissimam</span> <span class='ocrx_word' id='word_1_99' title='bbox 781 842 818 873; x_wconf 86' lang='lat' dir='ltr'>et</span> <span class='ocrx_word' id='word_1_100' title='bbox 831 835 1076 874; x_wconf 86' lang='lat' dir='ltr'>rectissimam</span> <span class='ocrx_word' id='word_1_101' title='bbox 1095 834 1260 872; x_wconf 81' lang='lat' dir='ltr'>violabat</span> 
     </span>
     <span class='ocr_line' id='line_1_15' title="bbox 149 887 1261 938; baseline 0.001 -15"><span class='ocrx_word' id='word_1_102' title='bbox 149 887 354 924; x_wconf 90' lang='lat' dir='ltr'>stultorum</span> <span class='ocrx_word' id='word_1_103' title='bbox 373 894 409 925; x_wconf 91' lang='lat' dir='ltr'>et</span> <span class='ocrx_word' id='word_1_104' title='bbox 427 887 688 938; x_wconf 89' lang='lat' dir='ltr'>improborum</span> <span class='ocrx_word' id='word_1_105' title='bbox 707 889 896 927; x_wconf 86' lang='lat' dir='ltr'>temeritas</span> <span class='ocrx_word' id='word_1_106' title='bbox 915 896 951 927; x_wconf 89' lang='lat' dir='ltr'>et</span> <span class='ocrx_word' id='word_1_107' title='bbox 965 887 1134 935; x_wconf 88' lang='lat' dir='ltr'>audacia,</span> <span class='ocrx_word' id='word_1_108' title='bbox 1155 900 1261 925; x_wconf 88' lang='lat' dir='ltr'>sum-</span> 
     </span>
     <span class='ocr_line' id='line_1_16' title="bbox 148 941 1260 992; baseline 0.001 -15"><span class='ocrx_word' id='word_1_109' title='bbox 148 952 214 977; x_wconf 91' lang='lat' dir='ltr'>mo</span> <span class='ocrx_word' id='word_1_110' title='bbox 232 953 322 978; x_wconf 89' lang='lat' dir='ltr'>cum</span> <span class='ocrx_word' id='word_1_111' title='bbox 339 941 555 992; x_wconf 85' lang='lat' dir='ltr'>reipublicae</span> <span class='ocrx_word' id='word_1_112' title='bbox 573 942 823 988; x_wconf 84' lang='lat' dir='ltr'>detriment03</span> <span class='ocrx_word' id='word_1_113' title='bbox 848 955 892 980; x_wconf 92' lang='lat' dir='ltr'>eo</span> <span class='ocrx_word' id='word_1_114' title='bbox 911 941 1112 980; x_wconf 86' lang='lat' dir='ltr'>studiosius</span> <span class='ocrx_word' id='word_1_115' title='bbox 1131 948 1168 979; x_wconf 90' lang='lat' dir='ltr'>et</span> <span class='ocrx_word' id='word_1_116' title='bbox 1184 941 1260 979; x_wconf 92' lang='lat' dir='ltr'>illis</span> 
     </span>
     <span class='ocr_line' id='line_1_17' title="bbox 148 993 1098 1046; baseline 0.002 -16"><span class='ocrx_word' id='word_1_117' title='bbox 148 993 399 1032; x_wconf 85' lang='lat' dir='ltr'>resistendum</span> <span class='ocrx_word' id='word_1_118' title='bbox 417 994 504 1043; x_wconf 91' lang='lat' dir='ltr'>fuit,</span> <span class='ocrx_word' id='word_1_119' title='bbox 526 1002 562 1033; x_wconf 89' lang='lat' dir='ltr'>et</span> <span class='ocrx_word' id='word_1_120' title='bbox 579 995 795 1046; x_wconf 85' lang='lat' dir='ltr'>reipublicae</span> <span class='ocrx_word' id='word_1_121' title='bbox 813 995 1098 1034; x_wconf 89' lang='lat' dir='ltr'>consulendum.</span> 
     </span>
     <span class='ocr_line' id='line_1_18' title="bbox 112 1047 1261 1099; baseline 0 -14"><span class='ocrx_word' id='word_1_122' title='bbox 112 1090 114 1092; x_wconf 17' lang='lat' dir='ltr'>v</span> <span class='ocrx_word' id='word_1_123' title='bbox 203 1047 278 1085; x_wconf 89' lang='lat' dir='ltr'>IV.</span> <span class='ocrx_word' id='word_1_124' title='bbox 309 1047 426 1094; x_wconf 91' lang='lat' dir='ltr'>Quod</span> <span class='ocrx_word' id='word_1_125' title='bbox 443 1056 614 1086; x_wconf 89' lang='lat' dir='ltr'>nostrum</span> <span class='ocrx_word' id='word_1_126' title='bbox 633 1049 744 1087; x_wconf 87' lang='lat' dir='ltr'>illum</span> <span class='ocrx_word' id='word_1_127' title='bbox 764 1061 840 1087; x_wconf 90' lang='lat' dir='ltr'>non</span> <span class='ocrx_word' id='word_1_128' title='bbox 858 1048 958 1099; x_wconf 81' lang='lat' dir='ltr'>fugit</span> <span class='ocrx_word' id='word_1_129' title='bbox 977 1048 1175 1095; x_wconf 76' lang='lat' dir='ltr'>Catonem,</span> <span class='ocrx_word' id='word_1_130' title='bbox 1195 1060 1261 1086; x_wconf 89' lang='lat' dir='ltr'>ne-</span> 
     </span>
     <span class='ocr_line' id='line_1_19' title="bbox 149 1101 1259 1153; baseline 0.002 -16"><span class='ocrx_word' id='word_1_131' title='bbox 149 1113 225 1151; x_wconf 88' lang='lat' dir='ltr'>que</span> <span class='ocrx_word' id='word_1_132' title='bbox 243 1101 423 1151; x_wconf 86' lang='lat' dir='ltr'>Laelium,</span> <span class='ocrx_word' id='word_1_133' title='bbox 443 1114 567 1153; x_wconf 89' lang='lat' dir='ltr'>neque</span> <span class='ocrx_word' id='word_1_134' title='bbox 585 1102 722 1140; x_wconf 88' lang='lat' dir='ltr'>horum</span> <span class='ocrx_word' id='word_1_135' title='bbox 742 1105 844 1146; x_wconf 88' lang='lat' dir='ltr'>(vere</span> <span class='ocrx_word' id='word_1_136' title='bbox 868 1102 1008 1150; x_wconf 87' lang='lat' dir='ltr'>dicam)</span> <span class='ocrx_word' id='word_1_137' title='bbox 1029 1101 1259 1152; x_wconf 87' lang='lat' dir='ltr'>discipulum</span> 
     </span>
     <span class='ocr_line' id='line_1_20' title="bbox 148 1154 1260 1215; baseline 0.001 -24"><span class='ocrx_word' id='word_1_138' title='bbox 148 1154 394 1203; x_wconf 83' lang='lat' dir='ltr'>Africanum,</span> <span class='ocrx_word' id='word_1_139' title='bbox 414 1167 537 1207; x_wconf 88' lang='lat' dir='ltr'>neque</span> <span class='ocrx_word' id='word_1_140' title='bbox 557 1155 760 1204; x_wconf 78' lang='lat' dir='ltr'>Gracchos,</span> <span class='ocrx_word' id='word_1_141' title='bbox 780 1156 955 1194; x_wconf 85' lang='lat' dir='ltr'>Africani</span> <span class='ocrx_word' id='word_1_142' title='bbox 973 1163 1151 1206; x_wconf 86' lang='lat' dir='ltr'>nepotes;</span> <span class='ocrx_word' id='word_1_143' title='bbox 1173 1155 1260 1215; x_wconf 83' lang='lat' dir='ltr'>qui-</span> 
     </span>
     <span class='ocr_line' id='line_1_21' title="bbox 148 1208 1258 1257; baseline 0.003 -13"><span class='ocrx_word' id='word_1_144' title='bbox 148 1208 249 1245; x_wconf 91' lang='lat' dir='ltr'>bus</span> <span class='ocrx_word' id='word_1_145' title='bbox 238 1220 278 1245; x_wconf 90' lang='lat' dir='ltr'>m</span> <span class='ocrx_word' id='word_1_146' title='bbox 296 1208 514 1248; x_wconf 89' lang='lat' dir='ltr'>hominibus</span> <span class='ocrx_word' id='word_1_147' title='bbox 533 1217 611 1247; x_wconf 89' lang='lat' dir='ltr'>erat</span> <span class='ocrx_word' id='word_1_148' title='bbox 629 1223 780 1248; x_wconf 89' lang='lat' dir='ltr'>summa</span> <span class='ocrx_word' id='word_1_149' title='bbox 798 1210 929 1257; x_wconf 87' lang='lat' dir='ltr'>virtus,</span> <span class='ocrx_word' id='word_1_150' title='bbox 958 1217 994 1247; x_wconf 89' lang='lat' dir='ltr'>et</span> <span class='ocrx_word' id='word_1_151' title='bbox 1013 1222 1165 1247; x_wconf 87' lang='lat' dir='ltr'>summa</span> <span class='ocrx_word' id='word_1_152' title='bbox 1183 1209 1258 1247; x_wconf 90' lang='lat' dir='ltr'>vir-</span> 
     </span>
     <span class='ocr_line' id='line_1_22' title="bbox 148 1262 1258 1315; baseline 0.001 -17"><span class='ocrx_word' id='word_1_153' title='bbox 148 1267 230 1299; x_wconf 83' lang='lat' dir='ltr'>tute</span> <span class='ocrx_word' id='word_1_154' title='bbox 255 1262 485 1312; x_wconf 88' lang='lat' dir='ltr'>amplificata</span> <span class='ocrx_word' id='word_1_155' title='bbox 509 1264 721 1312; x_wconf 79' lang='lat' dir='ltr'>auctoritas,</span> <span class='ocrx_word' id='word_1_156' title='bbox 743 1271 793 1309; x_wconf 93' lang='lat' dir='ltr'>et,</span> <span class='ocrx_word' id='word_1_157' title='bbox 817 1277 904 1315; x_wconf 86' lang='lat' dir='ltr'>quae</span> <span class='ocrx_word' id='word_1_158' title='bbox 927 1263 987 1301; x_wconf 91' lang='lat' dir='ltr'>his</span> <span class='ocrx_word' id='word_1_159' title='bbox 1010 1264 1123 1300; x_wconf 91' lang='lat' dir='ltr'>rebus</span> <span class='ocrx_word' id='word_1_160' title='bbox 1147 1275 1258 1300; x_wconf 91' lang='lat' dir='ltr'>orna-</span> 
     </span>
     <span class='ocr_line' id='line_1_23' title="bbox 151 1316 1256 1377; baseline 0.002 -26"><span class='ocrx_word' id='word_1_161' title='bbox 151 1322 295 1364; x_wconf 84' lang='lat' dir='ltr'>mento,</span> <span class='ocrx_word' id='word_1_162' title='bbox 338 1322 375 1353; x_wconf 84' lang='lat' dir='ltr'>et</span> <span class='ocrx_word' id='word_1_163' title='bbox 417 1316 634 1367; x_wconf 84' lang='lat' dir='ltr'>reipublicae</span> <span class='ocrx_word' id='word_1_164' title='bbox 658 1317 842 1377; x_wconf 37' lang='lat' dir='ltr'>,praesidio</span> <span class='ocrx_word' id='word_1_165' title='bbox 879 1324 986 1365; x_wconf 89' lang='lat' dir='ltr'>esset,</span> <span class='ocrx_word' id='word_1_166' title='bbox 1029 1316 1256 1367; x_wconf 82' lang='lat' dir='ltr'>eloquentia.</span> 
     </span>
     <span class='ocr_line' id='line_1_24' title="bbox 149 1367 1260 1420; baseline 0.002 -15"><span class='ocrx_word' id='word_1_167' title='bbox 149 1367 294 1417; x_wconf 88' lang='lat' dir='ltr'>Quare,</span> <span class='ocrx_word' id='word_1_168' title='bbox 314 1381 400 1407; x_wconf 90' lang='lat' dir='ltr'>meo</span> <span class='ocrx_word' id='word_1_169' title='bbox 425 1370 580 1420; x_wconf 91' lang='lat' dir='ltr'>quidem</span> <span class='ocrx_word' id='word_1_170' title='bbox 605 1370 747 1418; x_wconf 87' lang='lat' dir='ltr'>animo,</span> <span class='ocrx_word' id='word_1_171' title='bbox 768 1370 1015 1408; x_wconf 82' lang='lat' dir='ltr'>nihilominus</span> <span class='ocrx_word' id='word_1_172' title='bbox 1034 1370 1260 1420; x_wconf 77' lang='lat' dir='ltr'>eloquentiae</span> 
     </span>
     <span class='ocr_line' id='line_1_25' title="bbox 147 1422 1260 1475; baseline 0.003 -17"><span class='ocrx_word' id='word_1_173' title='bbox 147 1422 379 1460; x_wconf 89' lang='lat' dir='ltr'>studendum</span> <span class='ocrx_word' id='word_1_174' title='bbox 399 1431 466 1471; x_wconf 82' lang='lat' dir='ltr'>est,</span> <span class='ocrx_word' id='word_1_175' title='bbox 488 1424 555 1461; x_wconf 87' lang='lat' dir='ltr'>etsi</span> <span class='ocrx_word' id='word_1_176' title='bbox 574 1437 616 1462; x_wconf 86' lang='lat' dir='ltr'>ea</span> <span class='ocrx_word' id='word_1_177' title='bbox 634 1424 790 1475; x_wconf 90' lang='lat' dir='ltr'>quidam</span> <span class='ocrx_word' id='word_1_178' title='bbox 810 1433 847 1462; x_wconf 91' lang='lat' dir='ltr'>et</span> <span class='ocrx_word' id='word_1_179' title='bbox 863 1423 1042 1474; x_wconf 89' lang='lat' dir='ltr'>privatim</span> <span class='ocrx_word' id='word_1_180' title='bbox 1057 1430 1094 1460; x_wconf 87' lang='lat' dir='ltr'>et</span> <span class='ocrx_word' id='word_1_181' title='bbox 1107 1424 1260 1474; x_wconf 87' lang='lat' dir='ltr'>publice</span> 
     </span>
     <span class='ocr_line' id='line_1_26' title="bbox 145 1477 1257 1528; baseline 0.003 -16"><span class='ocrx_word' id='word_1_182' title='bbox 145 1488 317 1525; x_wconf 88' lang='lat' dir='ltr'>perverse</span> <span class='ocrx_word' id='word_1_183' title='bbox 335 1478 569 1522; x_wconf 77' lang='lat' dir='ltr'>abutuntur3</span> <span class='ocrx_word' id='word_1_184' title='bbox 591 1477 656 1515; x_wconf 89' lang='lat' dir='ltr'>sed</span> <span class='ocrx_word' id='word_1_185' title='bbox 675 1491 717 1515; x_wconf 94' lang='lat' dir='ltr'>eo</span> <span class='ocrx_word' id='word_1_186' title='bbox 732 1478 888 1528; x_wconf 88' lang='lat' dir='ltr'>quidem</span> <span class='ocrx_word' id='word_1_187' title='bbox 902 1477 1187 1522; x_wconf 82' lang='lat' dir='ltr'>vehementius3</span> <span class='ocrx_word' id='word_1_188' title='bbox 1209 1489 1257 1515; x_wconf 91' lang='lat' dir='ltr'>ne</span> 
     </span>
     <span class='ocr_line' id='line_1_27' title="bbox 146 1529 1258 1580; baseline 0.002 -15"><span class='ocrx_word' id='word_1_189' title='bbox 146 1529 253 1575; x_wconf 84' lang='lat' dir='ltr'>mali,</span> <span class='ocrx_word' id='word_1_190' title='bbox 273 1542 412 1580; x_wconf 87' lang='lat' dir='ltr'>magno</span> <span class='ocrx_word' id='word_1_191' title='bbox 431 1543 519 1567; x_wconf 91' lang='lat' dir='ltr'>cum</span> <span class='ocrx_word' id='word_1_192' title='bbox 539 1531 762 1568; x_wconf 87' lang='lat' dir='ltr'>detrimento</span> <span class='ocrx_word' id='word_1_193' title='bbox 780 1533 982 1579; x_wconf 84' lang='lat' dir='ltr'>bonorum,</span> <span class='ocrx_word' id='word_1_194' title='bbox 1008 1538 1044 1568; x_wconf 89' lang='lat' dir='ltr'>et</span> <span class='ocrx_word' id='word_1_195' title='bbox 1063 1531 1258 1568; x_wconf 86' lang='lat' dir='ltr'>communi</span> 
     </span>
     <span class='ocr_line' id='line_1_28' title="bbox 147 1582 1258 1635; baseline 0.003 -16"><span class='ocrx_word' id='word_1_196' title='bbox 147 1582 321 1620; x_wconf 90' lang='lat' dir='ltr'>omnium</span> <span class='ocrx_word' id='word_1_197' title='bbox 335 1583 512 1633; x_wconf 90' lang='lat' dir='ltr'>pernicie,</span> <span class='ocrx_word' id='word_1_198' title='bbox 527 1584 739 1634; x_wconf 86' lang='lat' dir='ltr'>plurimum</span> <span class='ocrx_word' id='word_1_199' title='bbox 753 1585 897 1635; x_wconf 91' lang='lat' dir='ltr'>possint</span> <span class='ocrx_word' id='word_1_200' title='bbox 910 1598 921 1630; x_wconf 89' lang='lat'>;</span> <span class='ocrx_word' id='word_1_201' title='bbox 943 1597 1031 1622; x_wconf 89' lang='lat' dir='ltr'>cum</span> <span class='ocrx_word' id='word_1_202' title='bbox 1049 1584 1258 1634; x_wconf 76' lang='lat' dir='ltr'>praesertim</span> 
     </span>
     <span class='ocr_line' id='line_1_29' title="bbox 146 1635 1259 1688; baseline 0.002 -16"><span class='ocrx_word' id='word_1_203' title='bbox 146 1635 218 1674; x_wconf 87' lang='lat' dir='ltr'>hoc</span> <span class='ocrx_word' id='word_1_204' title='bbox 247 1649 370 1674; x_wconf 92' lang='lat' dir='ltr'>unum</span> <span class='ocrx_word' id='word_1_205' title='bbox 400 1637 461 1684; x_wconf 87' lang='lat' dir='ltr'>sit,</span> <span class='ocrx_word' id='word_1_206' title='bbox 493 1638 595 1688; x_wconf 92' lang='lat' dir='ltr'>quod</span> <span class='ocrx_word' id='word_1_207' title='bbox 624 1638 672 1676; x_wconf 87' lang='lat' dir='ltr'>ad</span> <span class='ocrx_word' id='word_1_208' title='bbox 701 1651 832 1676; x_wconf 91' lang='lat' dir='ltr'>omnes</span> <span class='ocrx_word' id='word_1_209' title='bbox 860 1651 932 1685; x_wconf 89' lang='lat' dir='ltr'>res,</span> <span class='ocrx_word' id='word_1_210' title='bbox 963 1645 1000 1674; x_wconf 89' lang='lat' dir='ltr'>et</span> <span class='ocrx_word' id='word_1_211' title='bbox 1028 1638 1191 1687; x_wconf 86' lang='lat' dir='ltr'>privatas</span> <span class='ocrx_word' id='word_1_212' title='bbox 1222 1645 1259 1675; x_wconf 88' lang='lat' dir='ltr'>et</span> 
     </span>
     <span class='ocr_line' id='line_1_30' title="bbox 145 1689 1253 1741; baseline 0.002 -15"><span class='ocrx_word' id='word_1_213' title='bbox 145 1689 329 1739; x_wconf 85' lang='lat' dir='ltr'>publicas,</span> <span class='ocrx_word' id='word_1_214' title='bbox 358 1691 526 1728; x_wconf 80' lang='lat' dir='ltr'>maxime</span> <span class='ocrx_word' id='word_1_215' title='bbox 550 1691 759 1741; x_wconf 81' lang='lat' dir='ltr'>pertineat3</span> <span class='ocrx_word' id='word_1_216' title='bbox 788 1691 860 1729; x_wconf 93' lang='lat' dir='ltr'>hoc</span> <span class='ocrx_word' id='word_1_217' title='bbox 878 1698 974 1738; x_wconf 82' lang='lat' dir='ltr'>tuta,</span> <span class='ocrx_word' id='word_1_218' title='bbox 994 1691 1065 1728; x_wconf 90' lang='lat' dir='ltr'>hoc</span> <span class='ocrx_word' id='word_1_219' title='bbox 1083 1690 1253 1738; x_wconf 82' lang='lat' dir='ltr'>honesta,</span> 
     </span>
     <span class='ocr_line' id='line_1_31' title="bbox 144 1742 1253 1793; baseline 0.003 -14"><span class='ocrx_word' id='word_1_220' title='bbox 144 1742 215 1781; x_wconf 92' lang='lat' dir='ltr'>hoc</span> <span class='ocrx_word' id='word_1_221' title='bbox 233 1742 402 1789; x_wconf 84' lang='lat' dir='ltr'>illustris,</span> <span class='ocrx_word' id='word_1_222' title='bbox 418 1743 489 1781; x_wconf 90' lang='lat' dir='ltr'>hoc</span> <span class='ocrx_word' id='word_1_223' title='bbox 508 1744 639 1781; x_wconf 88' lang='lat' dir='ltr'>eodem</span> <span class='ocrx_word' id='word_1_224' title='bbox 655 1744 732 1782; x_wconf 80' lang='lat' dir='ltr'>vita</span> <span class='ocrx_word' id='word_1_225' title='bbox 746 1744 918 1793; x_wconf 88' lang='lat' dir='ltr'>jucunda</span> <span class='ocrx_word' id='word_1_226' title='bbox 930 1744 1008 1782; x_wconf 85' lang='lat' dir='ltr'>fiat.</span> <span class='ocrx_word' id='word_1_227' title='bbox 1039 1744 1144 1782; x_wconf 88' lang='lat' dir='ltr'>Nam</span> <span class='ocrx_word' id='word_1_228' title='bbox 1163 1744 1253 1782; x_wconf 89' lang='lat' dir='ltr'>hinc</span> 
     </span>
     <span class='ocr_line' id='line_1_32' title="bbox 144 1796 1256 1856; baseline 0.001 -23"><span class='ocrx_word' id='word_1_229' title='bbox 144 1796 194 1833; x_wconf 86' lang='lat' dir='ltr'>ad</span> <span class='ocrx_word' id='word_1_230' title='bbox 217 1797 491 1856; x_wconf 80' lang='lat' dir='ltr'>rempublicam</span> <span class='ocrx_word' id='word_1_231' title='bbox 518 1797 684 1847; x_wconf 85' lang='lat' dir='ltr'>plurima</span> <span class='ocrx_word' id='word_1_232' title='bbox 709 1797 908 1835; x_wconf 88' lang='lat' dir='ltr'>commoda</span> <span class='ocrx_word' id='word_1_233' title='bbox 932 1797 1102 1844; x_wconf 86' lang='lat' dir='ltr'>veniunt,</span> <span class='ocrx_word' id='word_1_234' title='bbox 1123 1797 1154 1834; x_wconf 92' lang='lat' dir='ltr'>si</span> <span class='ocrx_word' id='word_1_235' title='bbox 1172 1809 1256 1834; x_wconf 89' lang='lat' dir='ltr'>mo-</span> 
     </span>
     <span class='ocr_line' id='line_1_33' title="bbox 143 1849 1256 1900; baseline 0.002 -14"><span class='ocrx_word' id='word_1_236' title='bbox 143 1849 308 1887; x_wconf 82' lang='lat' dir='ltr'>deratrix</span> <span class='ocrx_word' id='word_1_237' title='bbox 327 1850 499 1887; x_wconf 87' lang='lat' dir='ltr'>omnium</span> <span class='ocrx_word' id='word_1_238' title='bbox 514 1863 639 1887; x_wconf 86' lang='lat' dir='ltr'>rerum</span> <span class='ocrx_word' id='word_1_239' title='bbox 654 1858 792 1900; x_wconf 87' lang='lat' dir='ltr'>praesto</span> <span class='ocrx_word' id='word_1_240' title='bbox 807 1857 861 1888; x_wconf 88' lang='lat' dir='ltr'>est</span> <span class='ocrx_word' id='word_1_241' title='bbox 879 1850 1083 1900; x_wconf 87' lang='lat' dir='ltr'>sapientia·</span> <span class='ocrx_word' id='word_1_242' title='bbox 1104 1850 1193 1888; x_wconf 88' lang='lat' dir='ltr'>hinc</span> <span class='ocrx_word' id='word_1_243' title='bbox 1207 1850 1256 1888; x_wconf 88' lang='lat' dir='ltr'>ad</span> 
     </span>
     <span class='ocr_line' id='line_1_34' title="bbox 142 1902 1254 1954; baseline 0 -14"><span class='ocrx_word' id='word_1_244' title='bbox 142 1902 258 1952; x_wconf 90' lang='lat' dir='ltr'>ipsos,</span> <span class='ocrx_word' id='word_1_245' title='bbox 295 1903 361 1954; x_wconf 92' lang='lat' dir='ltr'>qui</span> <span class='ocrx_word' id='word_1_246' title='bbox 394 1916 477 1940; x_wconf 88' lang='lat' dir='ltr'>eam</span> <span class='ocrx_word' id='word_1_247' title='bbox 509 1903 635 1954; x_wconf 87' lang='lat' dir='ltr'>adepti</span> <span class='ocrx_word' id='word_1_248' title='bbox 667 1911 768 1952; x_wconf 85' lang='lat' dir='ltr'>sunt,</span> <span class='ocrx_word' id='word_1_249' title='bbox 802 1904 899 1951; x_wconf 90' lang='lat' dir='ltr'>laus,</span> <span class='ocrx_word' id='word_1_250' title='bbox 928 1903 1060 1951; x_wconf 90' lang='lat' dir='ltr'>honos,</span> <span class='ocrx_word' id='word_1_251' title='bbox 1091 1903 1254 1954; x_wconf 81' lang='lat' dir='ltr'>dignitas</span> 
     </span>
     <span class='ocr_line' id='line_1_35' title="bbox 142 1956 1254 2008; baseline 0.002 -15"><span class='ocrx_word' id='word_1_252' title='bbox 142 1956 324 1994; x_wconf 89' lang='lat' dir='ltr'>confluit·</span> <span class='ocrx_word' id='word_1_253' title='bbox 353 1956 442 1994; x_wconf 93' lang='lat' dir='ltr'>hinc</span> <span class='ocrx_word' id='word_1_254' title='bbox 466 1957 596 1995; x_wconf 85' lang='lat' dir='ltr'>amicis</span> <span class='ocrx_word' id='word_1_255' title='bbox 615 1970 767 2008; x_wconf 90' lang='lat' dir='ltr'>quoque</span> <span class='ocrx_word' id='word_1_256' title='bbox 786 1969 916 1994; x_wconf 90' lang='lat' dir='ltr'>eorum</span> <span class='ocrx_word' id='word_1_257' title='bbox 935 1956 1184 1994; x_wconf 81' lang='lat' dir='ltr'>certissimum</span> <span class='ocrx_word' id='word_1_258' title='bbox 1210 1970 1254 1995; x_wconf 83' lang='lat' dir='ltr'>ac</span> 
     </span>
     <span class='ocr_line' id='line_1_36' title="bbox 144 2009 1252 2061; baseline 0.001 -15"><span class='ocrx_word' id='word_1_259' title='bbox 144 2009 377 2047; x_wconf 87' lang='lat' dir='ltr'>tutissimum</span> <span class='ocrx_word' id='word_1_260' title='bbox 391 2010 611 2060; x_wconf 77' lang='lat' dir='ltr'>praesidium</span> <span class='ocrx_word' id='word_1_261' title='bbox 630 2018 881 2061; x_wconf 85' lang='lat' dir='ltr'>comparatur.</span> <span class='ocrx_word' id='word_1_262' title='bbox 909 2010 973 2048; x_wconf 93' lang='lat' dir='ltr'>Ac</span> <span class='ocrx_word' id='word_1_263' title='bbox 986 2010 1082 2047; x_wconf 88' lang='lat' dir='ltr'>mihi</span> <span class='ocrx_word' id='word_1_264' title='bbox 1096 2010 1252 2061; x_wconf 90' lang='lat' dir='ltr'>quidem</span> 
     </span>
     <span class='ocr_line' id='line_1_37' title="bbox 146 2062 1254 2111; baseline 0.003 -12"><span class='ocrx_word' id='word_1_265' title='bbox 146 2062 323 2100; x_wconf 87' lang='lat' dir='ltr'>videntur</span> <span class='ocrx_word' id='word_1_266' title='bbox 347 2063 533 2111; x_wconf 89' lang='lat' dir='ltr'>homines,</span> <span class='ocrx_word' id='word_1_267' title='bbox 563 2077 650 2102; x_wconf 92' lang='lat' dir='ltr'>cum</span> <span class='ocrx_word' id='word_1_268' title='bbox 678 2064 809 2102; x_wconf 89' lang='lat' dir='ltr'>multis</span> <span class='ocrx_word' id='word_1_269' title='bbox 833 2065 944 2101; x_wconf 87' lang='lat' dir='ltr'>rebus</span> <span class='ocrx_word' id='word_1_270' title='bbox 970 2063 1190 2101; x_wconf 78' lang='lat' dir='ltr'>humiliores</span> <span class='ocrx_word' id='word_1_271' title='bbox 1217 2071 1254 2102; x_wconf 86' lang='lat' dir='ltr'>et</span> 
     </span>
     <span class='ocr_line' id='line_1_38' title="bbox 144 2115 1253 2168; baseline 0.002 -16"><span class='ocrx_word' id='word_1_272' title='bbox 144 2115 369 2155; x_wconf 87' lang='lat' dir='ltr'>infirmiores</span> <span class='ocrx_word' id='word_1_273' title='bbox 384 2117 471 2166; x_wconf 88' lang='lat' dir='ltr'>sint,</span> <span class='ocrx_word' id='word_1_274' title='bbox 487 2117 557 2155; x_wconf 91' lang='lat' dir='ltr'>hac</span> <span class='ocrx_word' id='word_1_275' title='bbox 571 2131 611 2155; x_wconf 87' lang='lat' dir='ltr'>re</span> <span class='ocrx_word' id='word_1_276' title='bbox 624 2117 792 2155; x_wconf 89' lang='lat' dir='ltr'>maxime</span> <span class='ocrx_word' id='word_1_277' title='bbox 805 2117 932 2155; x_wconf 89' lang='lat' dir='ltr'>bestiis</span> <span class='ocrx_word' id='word_1_278' title='bbox 945 2125 1134 2167; x_wconf 76' lang='lat' dir='ltr'>praestare,</span> <span class='ocrx_word' id='word_1_279' title='bbox 1148 2117 1253 2168; x_wconf 90' lang='lat' dir='ltr'>quod</span> 
     </span>
     <span class='ocr_line' id='line_1_39' title="bbox 140 2168 1249 2223; baseline 0.001 -16"><span class='ocrx_word' id='word_1_280' title='bbox 140 2168 246 2220; x_wconf 92' lang='lat' dir='ltr'>loqui</span> <span class='ocrx_word' id='word_1_281' title='bbox 265 2178 432 2222; x_wconf 74' lang='lat' dir='ltr'>possunt,</span> <span class='ocrx_word' id='word_1_282' title='bbox 481 2170 612 2219; x_wconf 86' lang='lat' dir='ltr'>Quare</span> <span class='ocrx_word' id='word_1_283' title='bbox 630 2171 856 2223; x_wconf 85' lang='lat' dir='ltr'>praeclarum</span> <span class='ocrx_word' id='word_1_284' title='bbox 875 2170 971 2209; x_wconf 88' lang='lat' dir='ltr'>mihi</span> <span class='ocrx_word' id='word_1_285' title='bbox 990 2170 1174 2222; x_wconf 85' lang='lat' dir='ltr'>quiddam</span> <span class='ocrx_word' id='word_1_286' title='bbox 1193 2170 1249 2208; x_wconf 87' lang='lat' dir='ltr'>vi-</span> 
     </span>
    </p>
   </div>
  </div>
 </body>
</html>
