1429 2344
110 58 164 95 ‘20
219 55 297 94 DE
327 55 718 105 INVENTIONE,
749 55 848 94 Lm.
870 55 905 95 I.
936 55 1124 95 CAP.20.

120 164 207 202 Hoc
225 164 265 201 in
287 177 421 215 genere
441 164 664 202 narrationis
679 164 803 202 multa
823 164 943 202 inesse
961 163 1073 202 debet
1094 163 1236 203 festivi-

119 226 191 265 tas,
212 219 380 257 confecta
398 231 445 257 ex
459 231 587 256 rerum
602 219 793 266 varietate,
813 217 1029 256 animorum
1044 217 1237 256 dissimili-

120 272 267 319 tudine,
288 272 483 322 gravitate,
502 272 670 320 lenitate,
687 285 766 323 spe,
785 278 907 319 metu,
928 271 1152 322 suspicione,
1172 272 1238 310 de-

122 325 271 371 siderio,
293 326 604 372 dissimulatione,
626 338 761 371 errore,
783 325 1052 372 misericordia,
1074 325 1239 363 fortunae

122 380 431 428 commutatione,
459 380 648 429 insperato
672 379 927 425 incommodo,
948 378 1073 417 subita
1090 379 1239 428 laetitia,

120 433 291 481 jucundo
312 434 415 470 exitu
435 446 574 470 rerum.
605 433 753 470 Verum
765 433 848 470 haec
860 445 907 470 ex
921 432 994 479 his,
1010 446 1098 483 quae
1112 441 1241 483 postea

123 486 170 524 de
191 487 399 524 elocutione
417 486 698 537 praecipientur,
717 493 940 523 ornamenta
957 494 1167 524 sumentur.

178 539 274 577 XX.
306 541 423 577 Nunc
450 539 497 577 de
517 540 730 577 narratione
749 539 807 587 ea,
829 552 916 590 quae
936 553 1059 577 causae
1078 540 1243 578 continet

125 593 414 644 expositionem,
430 593 635 631 dicendum
654 593 813 631 videtur.
844 593 1007 644 Oportet
1024 593 1142 643 igitur
1156 607 1242 632 eam

126 654 201 685 tres
225 647 364 685 habere
389 660 473 692 res3
503 655 548 684 ut
571 647 710 695 brevis,
730 654 775 684 ut
800 655 942 697 aperta,
970 655 1015 684 ut
1038 648 1245 708 probabilis

128 700 188 738 sit.
218 701 353 739 Brews
368 701 450 749 erit,
467 700 512 749 si,
535 701 638 738 unde
653 713 801 739 necesse
815 708 883 749 est,
906 700 1018 738 inde
1007 700 1163 738 initium
1182 714 1246 739 su-

129 762 270 801 metur,
292 762 328 792 et
342 767 419 792 non
434 756 481 792 ab
502 754 639 792 ultimo
653 762 864 816 repetetur3
886 760 923 791 et
943 754 975 792 si
993 755 1102 803 cujus
1120 754 1175 792 rei
1189 768 1247 793 sa-

131 808 178 845 tis
205 808 275 846 erit
304 821 497 846 summam
523 808 675 857 dixisse,
703 809 784 857 ejus
803 816 928 859 partes
952 820 1029 845 non
1048 808 1246 847 dicentur:

132 874 224 899 nam
243 875 343 913 saepe
362 863 449 900 satis
473 869 540 909 est,
562 862 655 913 quid
674 862 819 900 factum
845 862 906 910 sit,
927 861 1075 908 dicere;
1102 875 1179 900 non
1205 869 1250 901 ut

133 928 295 963 enarres,
317 916 644 967 quemadmodum
669 916 717 953 sit
742 916 887 953 factum
901 930 912 952 ι
941 923 977 953 et
1003 915 1034 954 si
1058 928 1136 954 non
1165 917 1250 954 lon-

134 970 233 1019 gius,
262 983 380 1021 quam
400 970 502 1020 quod
521 970 616 1007 scitu
635 983 730 1021 opus
755 977 823 1017 est,
850 969 891 1006 in
909 969 1097 1007 narrando
1121 983 1251 1020 proce-

135 1023 269 1061 detur:
301 1031 338 1061 et
363 1024 394 1061 si
418 1024 566 1061 nullam
585 1024 625 1061 in
644 1036 726 1061 rem
753 1024 869 1061 aliam
887 1023 1132 1061 transibitur:
1164 1032 1200 1061 et
1220 1024 1252 1062 si

134 1077 188 1115 ita
213 1077 370 1124 dicetur,
391 1084 435 1114 ut
453 1090 731 1128 nonnunquam
751 1091 799 1115 ex
821 1090 877 1125 eo,
900 1076 1003 1128 quod
1022 1077 1168 1115 dictum
1187 1078 1249 1127 sit,

134 1130 189 1178 id,
210 1131 313 1182 quod
327 1131 473 1169 dictum
490 1144 567 1169 non
582 1132 642 1179 sit,
658 1131 916 1181 intelligatur:
939 1138 975 1169 et
993 1130 1024 1168 si
1043 1144 1120 1169 non
1137 1132 1254 1170 modo

135 1184 175 1221 id
202 1185 306 1235 quod
331 1186 450 1233 obest,
472 1198 605 1222 verum
625 1185 740 1222 etiam
763 1185 804 1223 id
829 1184 932 1235 quod
956 1197 1026 1222 nec
1052 1186 1159 1223 obest
1183 1198 1253 1224 nec

135 1238 306 1287 adjuvat,
326 1239 604 1288 praeteribitur:
636 1246 672 1276 et
691 1239 722 1276 si
740 1239 858 1276 semel
872 1238 1176 1290 unumquodque
1195 1239 1254 1276 di-

137 1299 265 1330 cetur:
288 1300 325 1330 et
339 1292 370 1329 si
388 1304 465 1329 non
487 1293 534 1330 ab
555 1305 611 1340 eo,
639 1292 680 1329 in
700 1306 776 1343 quo
794 1292 967 1343 proxime
986 1292 1149 1329 desitum
1169 1293 1253 1341 erit,

135 1346 312 1397 deinceps
330 1346 542 1396 incipietur.
571 1346 635 1384 Ac
648 1347 790 1384 multos
804 1346 966 1383 imitatio
983 1346 1176 1383 brevitatis
1190 1346 1256 1384 de-

138 1400 244 1450 cipit,
261 1407 318 1448 ut,
339 1412 428 1438 cum
443 1413 481 1438 se
494 1402 625 1438 breves
643 1407 779 1451 putent
804 1412 895 1448 esse,
915 1399 1127 1450 longissimi
1152 1400 1254 1446 sint3

139 1466 227 1492 cum
244 1454 335 1491 dent
353 1467 521 1504 operam,
542 1461 586 1491 ut
603 1467 661 1492 res
675 1454 817 1491 multas
835 1454 998 1492 breviter
1016 1453 1156 1502 dicant,
1177 1467 1256 1492 non

140 1515 185 1545 ut
209 1508 365 1545 omnino
383 1521 523 1558 paucas
541 1521 599 1545 res
625 1508 765 1555 dicant,
797 1515 834 1545 et
862 1520 939 1545 non
968 1508 1110 1558 plures,
1137 1521 1256 1558 quam

139 1574 288 1599 necesse
313 1561 371 1598 sit.
402 1562 509 1599 Nam
538 1562 728 1613 plerisque
757 1562 919 1599 breviter
945 1561 1066 1598 dicere
1091 1561 1254 1610 videtur,

141 1615 209 1666 qui
227 1615 280 1652 ita
294 1615 408 1652 dicit:
439 1615 594 1653 Accessi
608 1616 657 1652 ad
677 1616 798 1653 aedes:
820 1628 984 1666 puerum
1004 1615 1176 1652 evocavi:
1198 1629 1258 1653 re-

141 1669 316 1720 spondit:
339 1669 498 1720 quaesivi
512 1669 733 1707 dominum:
756 1669 860 1706 domi
878 1669 1029 1719 negavit
1045 1681 1133 1706 esse.
1164 1669 1257 1718 Hic,

141 1723 293 1772 tametsi
310 1730 366 1760 tot
384 1736 442 1760 res
455 1723 607 1760 brevius
621 1735 698 1761 non
716 1723 841 1784 potuit
858 1722 994 1769 dicere,
1010 1729 1152 1770 tamen,
1169 1723 1261 1773 quia

143 1776 232 1814 satis
250 1776 325 1813 fuit
339 1776 491 1823 dixisse,
508 1776 612 1814 domi
634 1777 785 1827 negavit
807 1789 897 1823 esse,
920 1776 964 1814 fit
982 1789 1109 1813 rerum
1127 1777 1262 1814 multi-

141 1830 276 1868 tudine
293 1830 441 1880 longus.
472 1829 603 1877 Quare
626 1830 698 1868 hoc
717 1843 869 1881 quoque
887 1830 928 1867 111
946 1842 1082 1880 genere
1107 1830 1262 1868 vitanda

144 1891 200 1921 est
223 1884 417 1922 brevitatis
440 1884 616 1931 imitatio,
640 1892 676 1922 et
701 1897 779 1921 non
799 1884 927 1922 minus
945 1896 1078 1921 rerum
1095 1895 1172 1921 non
1194 1897 1261 1922 ne-

144 1937 404 1986 cessariarum,
438 1951 556 1989 quam
584 1940 787 1976 verborum
816 1937 1063 1975 multitudine
1091 1950 1262 1988 superse-

145 1991 315 2028 dendum
334 1999 400 2029 est.
437 1992 586 2042 Aperta
607 1999 737 2030 autem
754 1992 919 2030 narratio
937 1991 1074 2042 poterit
1095 2003 1186 2039 esse,
1215 1992 1261 2040 si,

145 2052 190 2082 ut
209 2045 378 2096 quidque
403 2046 573 2096 primum
592 2054 742 2096 gestum
768 2046 851 2092 erit,
877 2045 932 2082 ita
955 2045 1127 2096 primum
1146 2058 1263 2096 expo-

145 2106 271 2147 netur,
292 2107 328 2136 et
346 2113 473 2138 rerum
494 2113 537 2138 ac
559 2108 775 2151 temporum
796 2099 887 2137 ordo
909 2099 1131 2146 servabitur,
1153 2107 1198 2136 ut
1211 2099 1267 2137 ita

145 2161 358 2201 narrentur,
390 2161 434 2191 ut
453 2161 568 2204 gestae
587 2168 645 2193 res
670 2162 795 2202 erunt,
823 2160 889 2192 aut
915 2160 962 2192 ut
989 2152 1156 2204 potuisse
1182 2152 1265 2204 geri
