1429 2344
200 94 280 133 434
308 92 386 132 DE
407 91 613 131 CLARIS
632 89 1021 142 ORATORIBUS,
1035 91 1140 132 CAP.
1153 96 1217 134 84

202 202 309 240 lerno
327 201 411 239 vino
429 199 645 247 delectetur,
662 199 727 238 sed
745 212 788 238 eo
806 212 874 239 nec
887 199 940 238 ita
951 213 1048 239 novo
1066 208 1109 240 ut
1126 202 1310 254 proximis

205 255 422 293 consulibus
440 261 575 292 natum
594 253 698 301 velit,
713 266 782 292 nec
800 267 928 292 rursus
946 254 998 293 ita
1016 262 1138 294 vetere
1150 263 1195 294 ut
1213 256 1314 309 Opi-

207 308 332 347 mium
361 315 428 346 aut
458 308 638 346 Anicium
667 308 859 346 consulem
892 315 1060 369 quaeiatg
1101 311 1225 362 (atqui
1261 324 1315 350 eae

209 370 309 400 notae
338 369 427 400 sunt
454 361 633 412 optimae:
665 361 797 399 credo.
829 360 893 399 sed
921 361 1039 400 nimia
1067 369 1229 402 vetustas
1247 377 1316 403 nec

209 416 324 454 habet
343 429 426 452 eam
446 428 562 466 quam
582 415 788 476 quaerimus
806 415 1043 462 suavitatem,
1062 428 1131 454 nec
1152 425 1208 455 est
1234 419 1317 467 jam

214 483 303 507 sane
322 469 551 507 tolerabilis:
582 481 677 506 num
709 469 840 519 igitur,
874 468 940 520 qui
969 469 1040 508 hoc
1070 470 1218 519 sentiat,
1239 472 1270 509 si
1288 472 1321 510 is

212 530 342 584 potare
361 523 465 570 velit,
485 523 532 560 de
561 522 662 560 dolio
694 522 764 560 sibi
791 522 1045 560 hauriendum
1076 527 1219 574 putet?
1247 525 1322 562 mi-

213 576 341 615 nime:
365 576 429 614 sed
447 576 656 628 quamdam
675 582 854 627 sequatur
872 574 1066 626 aetatem)·
1055 605 1066 622 ,
1089 576 1141 614 sic
1155 591 1224 628 ego
1242 578 1323 617 istis

214 630 424 668 censuerim
450 637 487 668 et
505 643 643 668 novam
672 629 798 676 istam,
826 629 934 681 quasi
951 630 998 667 de
1016 637 1143 668 musto
1160 644 1203 670 ac
1221 632 1320 680 lacu,

214 683 271 721 fer
274 684 400 722 vidam
418 683 625 722 orationem
638 683 875 734 fugiendam,
891 696 960 721 nec
977 684 1083 722 illam
1101 685 1321 736 praeclaram

216 737 454 788 Thucydidis
473 737 586 775 nimis
599 744 776 784 veterem,
793 744 992 798 tamquam
1010 735 1238 777 Anicianam
1253 751 1322 777 no-

221 797 317 837 tam,
340 790 654 842 persequendam.
685 791 774 841 Ipse
788 791 890 829 enim
914 791 1173 853 Thucydides,
1193 792 1224 830 si
1241 805 1328 844 pos-

214 845 330 883 terius
347 844 493 891 fuisset,
513 845 636 882 multo
649 844 834 882 maturior
851 844 983 882 fuisset
1001 851 1037 882 et
1050 845 1189 884 mitior.

270 898 511 937 LXXXIV.
527 897 826 935 Demosthenem
845 897 962 948 igitur
975 898 1180 937 imitemur.
1201 899 1239 939 O
1253 900 1324 939 Dii

214 953 305 991 boni
325 953 334 990 2
358 952 464 1003 quid,
481 964 622 1003 quaeso,
642 963 710 989 nos
729 950 833 988 aliud
847 951 1010 1001 agimus,
1023 959 1090 990 aut
1108 953 1201 1004 quid
1218 954 1324 993 aliud

217 1008 426 1057 optamus?
454 1006 513 1043 At
541 1017 618 1042 non
636 1004 884 1055 assequimur.
925 1004 996 1043 Isti
1022 1006 1124 1044 enim
1152 1006 1324 1046 videlieet

216 1059 338 1098 Attici
367 1059 497 1107 nostri,
523 1058 627 1110 quod
659 1059 805 1106 volunt,
833 1065 1096 1109 assequuntur.
1135 1060 1199 1098 Ne
1226 1061 1324 1099 illud

217 1113 373 1165 quidem
386 1113 618 1163 intelligunt,
638 1124 716 1149 non
729 1111 843 1149 modo
857 1111 910 1150 ita
923 1113 1117 1151 memoriae
1129 1113 1323 1165 proditum

217 1180 309 1215 esse,
331 1166 395 1205 sed
426 1166 479 1204 ita
508 1178 654 1204 necesse
682 1165 813 1214 fuisse,
839 1178 927 1203 cum
946 1165 1223 1206 Demosthenes
1247 1167 1326 1207 dic-

219 1228 327 1259 turus
357 1227 464 1267 esset,
490 1227 534 1258 ut
563 1232 778 1265 concursuS,
811 1218 989 1257 audiendi
1019 1220 1146 1268 causa,
1170 1234 1217 1259 ex
1246 1216 1328 1260 tota

221 1274 370 1313 Graecia
387 1274 530 1312 fierent.
556 1273 628 1321 At,
645 1285 732 1310 cum
750 1272 812 1311 isti
831 1272 951 1311 Attici
966 1272 1111 1321 dicunt,
1127 1286 1203 1312 non
1214 1275 1329 1314 modo

221 1342 245 1367 a
263 1328 413 1376 corona,
440 1327 543 1379 quod
574 1334 629 1364 est
653 1326 780 1377 ipsum
808 1326 1034 1375 miserabile,
1055 1327 1120 1365 sed
1145 1327 1258 1366 etiam
1276 1331 1326 1368 ab

221 1382 423 1430 advocatis,
446 1381 725 1432 relinquuntur.
762 1379 908 1428 Quare,
937 1380 969 1418 si
987 1387 1144 1431 anguste
1162 1388 1200 1419 et
1217 1382 1326 1420 exili-

221 1443 278 1474 ter
292 1435 413 1474 dicere
428 1442 482 1473 est
493 1434 727 1486 Atticorum,
741 1433 815 1472 sint
826 1446 915 1472 sane
922 1433 1066 1472 Attici:
1089 1434 1153 1473 sed
1163 1434 1203 1473 in
1222 1448 1326 1474 com-

222 1490 336 1528 itium
365 1489 541 1534 veniant3
577 1488 626 1526 ad
660 1494 822 1526 stantem
847 1487 1015 1537 judicem
1046 1487 1184 1526 dicant.
1227 1490 1328 1529 Sub.

223 1544 331 1583 sellia
349 1543 588 1594 grandiorem
606 1548 642 1580 et
659 1541 867 1592 pleniorem
885 1553 1016 1579 vocem
1033 1541 1256 1581 desiderant.

277 1597 378 1635 Volo
395 1597 467 1635 hoc
494 1595 631 1634 oratori
654 1595 860 1646 contingat,
887 1601 945 1642 ut,
965 1608 1055 1633 cum
1084 1595 1263 1634 auditum
1281 1597 1331 1636 sit

223 1663 313 1690 eum
350 1662 428 1688 esse
452 1650 658 1697 dicturum,
686 1649 791 1687 locus
821 1648 862 1686 in
892 1649 1078 1687 subselliis
1113 1657 1328 1701 occupetur,

223 1704 457 1755 compleatur
475 1703 655 1749 tribunal,
681 1701 835 1753 gratiosi
853 1702 983 1740 scribae
1000 1702 1075 1740 sint
1091 1702 1132 1741 in
1150 1703 1275 1742 dando
1293 1714 1330 1743 et

224 1758 390 1797 cedendo
403 1758 499 1804 loco,
519 1769 655 1795 corona
672 1756 890 1807 multiplex,
908 1755 1027 1805 judex
1046 1763 1211 1795 erectus:
1241 1769 1329 1796 cum

225 1811 345 1863 surgit
362 1810 407 1858 is,
428 1811 495 1861 qui
514 1810 682 1848 dicturus
696 1810 756 1857 sit,
774 1809 1004 1860 significetur
1021 1822 1045 1847 a
1062 1810 1199 1848 corona
1217 1810 1332 1849 silen-

224 1865 350 1911 tium3
390 1864 526 1902 deinde
557 1865 695 1902 erebrae
723 1863 968 1909 assensiones,
1004 1863 1137 1901 multae
1167 1863 1332 1903 admira

225 1919 370 1962 tiones3
401 1917 510 1965 115115,
531 1930 620 1956 cum
639 1917 753 1962 velit3
784 1929 873 1955 cum
891 1916 995 1964 velit,
1015 1916 1149 1954 fletus.
1180 1925 1236 1965 ut,
1266 1918 1335 1970 qui

225 1973 306 2010 haec
324 1972 456 2023 procul
475 1971 612 2018 videat,
638 1970 798 2019 011311151,
825 1969 918 2021 quid
947 1976 1094 2020 agatur,
1123 1970 1276 2019 nesciat,
1296 1979 1336 2010 at

226 2026 373 2077 placere
392 2032 534 2072 tamen,
555 2032 591 2063 et
608 2024 648 2061 in
668 2037 778 2062 scena
805 2036 883 2062 esse
907 2022 1106 2071 Roscium,
1135 2023 1335 2075 intelligat.

229 2079 327 2117 Haec
345 2078 406 2117 cui
424 2079 657 2129 contingant,
686 2091 775 2116 eum
804 2077 896 2116 scito
920 2076 1050 2115 Attice
1066 2076 1201 2124 dicere,
1224 2085 1269 2116 111
1285 2078 1333 2117 (10

229 2132 374 2171 Pericle
392 2132 621 2179 audivimus,
647 2139 692 2170 ut
710 2132 757 2169 de
776 2129 988 2182 Hyperide,
1016 2137 1061 2169 ut
1088 2130 1136 2169 de
1154 2130 1331 2180 AEchine‚

228 2185 300 2224 (10
290 2198 372 2236 ipso
390 2185 544 2236 quidem
563 2185 821 2223 Demosthene
839 2184 1020 2222 maxime.

283 2239 351 2278 Sin
371 2246 499 2279 autem
518 2246 687 2287 acutum,
702 2238 882 2290 prudens,
903 2245 939 2277 et
958 2237 1060 2277 idem
1079 2237 1280 2285 sincerum,
1300 2246 1338 2276 et
