1407 2324
207 66 286 108 DE
304 65 598 117 ORATORE,
627 65 726 106 121³.
744 65 826 105 111.
855 64 960 105 cst.
975 65 1040 106 26.
1094 66 1173 111 317

77 180 239 226 utroque
258 173 300 213 in
323 186 458 226 genere
481 187 539 223 ea,
565 186 652 225 quae
668 173 799 212 leviter
817 184 966 211 sensum
985 172 1178 223 voluptate

77 234 267 276 moveant,
282 227 460 266 facillime
471 227 652 278 effugiant
663 227 882 266 satietatem.
911 226 986 273 Sic,
999 226 1177 264 omnibus

77 280 118 319 in
137 282 262 329 rebus,
288 281 544 332 voluptatibus
561 280 738 318 maximis
756 279 950 317 fastidium
968 279 1176 317 finitimum

76 339 157 378 εἰς
187 346 264 384 quo
286 333 358 372 hoc
381 334 508 372 minus
533 334 573 371 in
592 334 756 372 oratione
781 333 988 378 miremur-3
1017 332 1056 369 in
1082 333 1173 383 qua,

77 386 138 424 vel
156 399 202 424 ex
220 387 339 438 Ροέιίε
357 387 416 425 vel
434 387 657 435 oratoribus,
672 399 872 438 possumus
888 385 1069 434 judicare,
1087 397 1174 423 con-

79 439 244 487 cinnam,
271 440 497 487 distinctam,
524 448 708 487 ornatam,
740 439 925 486 festivam,
955 438 1033 476 sine
1059 439 1174 476 inter-

78 492 267 541 missione,
283 493 362 531 sine
379 494 675 544 reprehensione,
697 493 774 530 sine
793 492 982 539 varietate,
1003 491 1177 542 quamvis

78 545 186 583 claris
210 545 259 583 sit
283 547 467 584 coloribus
495 547 595 598 picta
621 547 679 584 vel
703 545 824 596 poe'sis
849 545 906 582 vel
936 544 1068 591 oratio,
1099 557 1175 582 non

77 611 185 649 posse
203 598 243 635 in
261 598 503 638 delectatione
521 612 598 637 esse
616 599 807 636 diutqu
847 598 980 648 Atque
999 610 1041 634 eo
1067 598 1176 636 citius

79 651 120 688 in
146 651 299 690 oratoris
317 660 384 690 aut
401 653 440 690 in
459 657 579 703 poe'tae
597 652 776 690 cincinnis
794 664 837 689 ac
854 651 941 688 fuco
959 650 1174 698 offenditur,

80 704 183 754 quod
201 716 343 753 sensus,
363 705 403 742 in
422 705 540 743 nimia
564 706 767 756 voluptate,
787 704 936 751 natura,
957 715 1032 740 non
1050 711 1179 741 mente

81 757 288 802 satiantur;
309 758 349 795 in
369 758 512 809 scriptis
531 766 567 797 et
584 759 624 796 in
643 758 762 806 dictis,
783 769 858 794 non
873 757 1022 794 aurium
1037 757 1175 804 solum,

81 809 146 847 sed
171 810 289 848 animi
313 811 456 860 judicio
481 811 594 850 etiam
619 811 754 862 magis,
780 810 947 848 infucata
971 809 1063 847 vitia
1090 821 1177 847 nos-

81 870 230 901 cuntur.

133 915 292 954 XXVI.
308 915 452 964 Quare,
467 918 604 955 “Bene
614 918 632 954 l
641 917 665 935 ’³
680 923 717 954 et
732 917 759 938 ⁶⁶
771 917 967 954 Praeclare
977 915 996 952 ,Ι
1004 914 1029 933 ”
1042 927 1177 965 quam-

80 968 137 1007 vis
155 969 262 1007 nobis
284 982 382 1020 saepe
407 970 576 1008 dicatur:
608 972 636 992 ⁶⁶
652 971 757 1008 Belle
772 971 789 1006 !
799 971 823 987 ''
850 976 887 1007 et
913 971 941 991 ‘⁶
957 970 1109 1007 Festive
1124 969 1141 1005 ,Ι
1151 968 1176 986 ”

79 1021 243 1059 nimium
262 1035 359 1073 saepe
377 1023 489 1068 nolo;
510 1036 743 1074 quamquam
761 1023 827 1060 illa
844 1022 926 1073 ipsa
940 1022 1178 1070 exclamatio,

82 1076 110 1097 ⁶⁶
127 1076 223 1113 Non
235 1082 357 1124 potest
374 1077 552 1124 melius,”
572 1077 620 1114 sit
638 1077 750 1113 velim
769 1077 920 1114 crebra:
951 1075 1015 1113 sed
1040 1075 1178 1113 habeat

75 1133 204 1166 tamen
239 1129 306 1166 illa
339 1129 380 1166 in
416 1129 571 1167 dicendo
607 1129 804 1166 admiratio
838 1141 882 1166 ac
913 1141 1064 1166 summa
1093 1128 1177 1166 laus

78 1183 256 1219 umbram
280 1182 448 1233 aliquam
470 1189 506 1220 et
529 1195 727 1229 recessum,
754 1194 830 1233 quo
856 1182 977 1232 magis
1001 1181 1055 1228 id,
1075 1181 1179 1231 quod

77 1233 148 1271 erit
178 1234 450 1283 illuminatum,
481 1243 625 1273 exstare
657 1243 769 1286 atque
801 1234 964 1272 eminere
995 1234 1175 1271 videatur.

80 1287 294 1338 Nunquam
311 1288 391 1339 agit
413 1289 516 1326 hunc
534 1301 684 1326 versum
710 1288 869 1326 Roscius
893 1300 936 1325 eo
961 1294 1082 1338 gestu,
1102 1298 1180 1338 quo

78 1347 215 1390 potest,

136 1414 165 1435 ⁶⁶
184 1413 290 1452 Nam
309 1412 455 1464 sapiens
472 1412 602 1451 virtuti
625 1413 806 1451 honorem
833 1411 1047 1464 praemium,
1072 1411 1177 1451 haud

294 1466 474 1517 praedam,
494 1466 588 1517 petit
601 1466 641 1503 :'’

82 1538 148 1578 sed
165 1539 293 1589 abjicit
309 1552 474 1591 prorsus,
493 1547 536 1577 ut
554 1540 593 1577 in
612 1539 818 1591 proximos,

138 1614 167 1636 ‘⁶
181 1612 334 1664 Ecquid
358 1611 465 1683 vid'eo
478 1614 496 1651 ἓ
523 1611 621 1651 ferro
646 1619 772 1664 septus
796 1610 960 1664 possidet
987 1610 1091 1650 sedes
1119 1625 1177 1650 sa-

295 1678 374 1704 cras
390 1666 415 1703 !'

83 1738 238 1790 incidat,
269 1739 462 1792 adspiciat,
491 1738 710 1789 admiretur,
741 1744 938 1791 stupescat.
976 1737 1083 1787 Quid
1113 1737 1178 1777 ille

83 1793 191 1841 alter,

139 1867 168 1888 ⁶⁶
187 1864 295 1912 Quid
312 1872 439 1916 petam
455 1865 618 1916 praesidii
631 1866 678 1904 ?'’

86 1951 203 1998 quam
227 1939 385 1978 leniter!
415 1952 531 1991 quam
555 1939 730 1978 remisse!
761 1952 878 1992 quarn
901 1951 978 1978 non
1002 1938 1176 1978 actuose!

85 1998 200 2029 instat
217 1992 319 2030 enim

141 2063 170 2085 ⁶⁶
190 2062 228 2102 Ο
245 2064 375 2115 pater!
404 2077 427 2104 o
443 2064 589 2117 patria!
619 2078 642 2104 o
660 2065 804 2104 Priami
821 2065 956 2104 domus
970 2064 1012 2103 !”

84 2135 127 2176 in
140 2148 217 2189 quo
229 2142 334 2178 tanta
345 2139 572 2180 commoveri
586 2139 682 2180 actio
696 2152 772 2232 11οὲ
785 2146 922 2231 Ροεὲει,
938 2138 969 2179 si
982 2144 1075 2180 esset
1088 2150 1176 2179 con-

790 2202 819 2232 Ε
