1429 2344
182 51 262 90 338
317 49 395 90 DE
416 47 715 97 ORATORE‚
746 48 847 87 LIB.
869 47 953 88 111.
983 48 1088 88 011).
1105 37 1171 88 46.

240 158 373 198 XLV.
395 157 578 206 Quonam
596 157 714 208 igitur
731 155 847 195 modo
866 163 1018 195 tanturn
1035 169 1179 195 munus
1191 156 1302 197 insis-

188 220 327 260 temus,
347 219 391 250 ut
410 212 637 250 arbitremur
652 224 720 249 nos
734 211 832 249 hane
847 211 926 249 vim
941 223 1142 259 numerose
1155 211 1304 251 dicendi

189 267 369 318 consequi
398 279 506 317 posse
521 268 538 304 Ρ
582 266 675 304 Non
705 272 760 303 est
789 278 847 303 res
876 272 957 302 tam
982 265 1158 312 difficilis,
1186 280 1305 317 quam

192 321 422 359 necessaria:
454 320 551 357 nihil
576 327 630 358 est
655 319 758 357 enim
777 327 856 357 tam
875 325 1063 367 tenerum,
1084 332 1208 370 neque
1226 329 1307 359 tam

190 374 373 421 flexibile,
394 387 518 425 neque
537 374 641 425 quod
663 380 742 411 tam
768 372 878 411 facile
903 380 1100 423 sequatur,
1121 387 1310 424 quocum-

195 442 270 480 que
289 428 419 475 ducas,
448 436 566 479 quam
593 427 725 466 oratio.
773 426 839 464 Ex
856 426 928 464 hac
946 440 1088 475 versus,
1109 440 1156 465 ex
1175 428 1309 466 eadem

195 482 362 533 dispares
382 482 532 520 numeri
552 481 832 527 conficiuntur3
864 493 911 518 ex
929 480 1001 519 hac
1019 481 1101 518 haec
1119 480 1233 520 etiam
1253 495 1313 521 so-

195 537 278 574 luta
310 536 422 574 variis
454 536 592 583 modis,
626 536 915 586 multorumque
947 547 1144 596 generum,
1180 536 1312 575 oratio.

196 591 238 629 N
241 604 292 629 on
304 590 406 628 enim
422 597 510 628 sunt
524 590 599 628 alia
614 589 809 637 sermonis,
823 589 898 626 alia
913 588 1161 627 contentionis
1174 592 1311 629 verba:

197 658 322 696 neque
342 658 390 682 ex
409 644 483 681 alio
502 657 638 694 genere
657 643 706 681 ad
724 656 839 681 usum
859 643 1140 694 quotidianum,
1172 644 1246 682 alio
1266 644 1315 682 ad

198 711 351 737 scenam
370 711 631 750 pompamque
655 704 886 742 sumuntu13
918 697 984 734 sed
1003 710 1047 735 ea
1064 709 1132 735 nos
1152 710 1240 736 cum
1256 699 1317 748 ja-

198 753 322 792 centia
341 752 564 790 sustulimus
585 765 605 790 e
623 752 763 799 medio,
786 751 882 789 sicut
895 751 1160 789 mollissimam
1175 765 1315 801 ceram,

197 808 248 846 ad
267 813 440 844 nostrum
459 806 660 844 arbitrium
676 806 888 843 formamus
902 811 939 842 et
953 805 1147 856 fingimus.
1178 806 1319 858 Itaque

200 870 285 900 tum
305 874 437 912 graves
457 873 603 907 sumus,
620 868 705 898 tum
726 860 897 908 subtiles,
917 866 1003 897 tum
1016 860 1189 898 medium
1205 861 1319 912 quid..

200 916 292 953 dam
324 922 497 952 tenemus
513 929 522 952 τ
559 915 610 952 sic
642 914 858 952 institutam
890 921 1059 952 nostram
1092 915 1318 953 sententiam

200 969 372 1020 sequitur
391 968 568 1006 orationis
583 981 704 1019 genus
719 982 730 1014 ς
753 968 870 1019 idque
885 968 933 1005 ad
948 981 1102 1006 omnem
1117 968 1318 1018 rationem,

201 1030 239 1062 et
258 1022 410 1061 aurium
430 1023 679 1073 voluptatem,
708 1030 745 1060 et
763 1022 980 1060 animorum
999 1029 1165 1071 motum,
1192 1030 1321 1061 muta-

202 1085 267 1115 tur
287 1084 324 1115 et
343 1076 514 1115 vertitur.

258 1131 346 1178 Sed,
363 1138 407 1168 ut
421 1131 461 1167 in
480 1130 671 1182 plerisque
685 1131 796 1168 rebus
815 1129 1084 1168 incredibiliter
1097 1130 1170 1168 11οο
1184 1137 1323 1169 natura

202 1192 260 1224 est
278 1185 361 1236 ipsa
386 1184 593 1230 fabricata;
625 1185 676 1223 sic
695 1185 736 1222 in
755 1184 936 1232 oratione,
963 1191 1009 1221 ut
1027 1197 1084 1233 ea,
1105 1198 1192 1235 quae
1210 1197 1323 1223 max-

203 1240 326 1277 imam
350 1238 555 1276 utilitatem
581 1238 622 1275 in
649 1252 687 1277 se
706 1238 954 1285 continerent,
983 1238 1115 1276 eadem
1140 1239 1324 1277 haberent

203 1293 420 1345 plurimum
446 1293 507 1329 vel
533 1292 742 1343 dignitatis,
763 1292 824 1330 vel
843 1304 942 1342 saepe
962 1291 1077 1329 etiam
1103 1294 1324 1332 venustatis.

205 1345 489 1386 Incolumitatis
504 1359 546 1383 ac
562 1346 693 1383 salutis
709 1346 884 1383 omnium
900 1345 1014 1383 causa
1032 1345 1205 1384 videmus
1223 1347 1328 1386 hunc

207 1409 350 1440 statum
366 1412 444 1438 esse
462 1399 578 1448 hujus
598 1400 713 1438 totius
727 1399 866 1437 mundi
881 1406 995 1450 atque
1013 1407 1174 1447 naturae,
1194 1408 1328 1439 rotun-

206 1455 304 1493 dum
330 1462 374 1492 ut
393 1453 545 1501 coelum,
566 1460 742 1504 terraque
759 1460 804 1490 ut
821 1452 949 1490 media
973 1452 1034 1501 sit,
1062 1466 1182 1504 eaque
1201 1455 1270 1493 sua
1289 1456 1328 1494 vi

208 1516 385 1559 nutuque
411 1515 611 1553 teneatur;
642 1508 697 1545 sol
715 1514 760 1544 ut
779 1507 1080 1555 circumferatur,
1107 1514 1151 1545 ut
1177 1509 1330 1548 accedat

209 1563 260 1601 ad
284 1562 459 1600 brumale
479 1561 647 1612 signum,
669 1568 706 1599 et
723 1561 812 1599 inde
831 1562 971 1600 sensim
991 1560 1194 1600 adscendat
1211 1562 1252 1600 in
1272 1563 1330 1601 di.

210 1629 359 1656 versam
377 1622 551 1666 partem;
583 1623 626 1653 ut
650 1616 745 1653 luna
763 1628 912 1654 accessu
932 1621 969 1653 et
987 1628 1132 1653 recessu
1153 1629 1221 1654 suo
1240 1618 1329 1656 solis

210 1671 345 1708 lumen
360 1669 544 1720 accipiat;
574 1678 619 1707 ut
637 1670 770 1708 eadem
789 1669 911 1721 spatia
930 1669 1101 1720 quinque
1119 1670 1238 1708 stellae
1252 1671 1330 1710 dis-

211 1724 296 1776 pari
313 1730 423 1761 motu
443 1736 632 1774 cursuque
652 1724 863 1761 conficiant.
908 1723 1005 1761 Haec
1023 1729 1170 1761 tantam
1187 1724 1332 1764 habent

213 1779 309 1826 vim,
335 1784 380 1814 ut
409 1777 572 1828 paulum
604 1777 809 1815 immutata
837 1777 1022 1815 cohaerere
1049 1789 1126 1814 non
1155 1778 1300 1829 possint
1313 1794 1333 1826 ξ

214 1840 360 1871 tantam
382 1830 723 1882 pulchritudinem,
743 1838 788 1868 ut
812 1831 921 1868 nulla
940 1830 1079 1881 species
1105 1843 1154 1868 ne
1181 1834 1333 1884 excogi-

215 1886 288 1925 tari
308 1885 465 1938 quidem
483 1885 601 1936 possit
626 1885 804 1923 ornatior.
847 1884 1003 1922 Referte
1027 1896 1131 1922 nunc
1156 1885 1333 1925 animum

214 1940 266 1978 ad
283 1940 502 1987 hominum,
519 1939 580 1976 vel
595 1939 711 1977 etiarn
731 1946 952 1977 caeterarum
971 1938 1242 1987 animantium,
1258 1940 1336 1979 for-

214 2007 323 2032 mam
343 2000 379 2031 et
394 1993 558 2044 figuram
573 2007 583 2030 :
605 1994 753 2032 nullam
767 2000 914 2044 partem
931 1992 1096 2044 corporis
1110 1992 1190 2031 sine
1205 1994 1336 2046 aliqua

216 2047 437 2087 necessitate
463 2046 642 2095 affictam,
663 2053 860 2098 totamque
878 2046 1044 2085 formam
1063 2047 1173 2098 quasi
1191 2049 1336 2099 perfec.

217 2109 300 2141 tam
319 2101 512 2152 reperietis
532 2108 625 2150 arte,
646 2114 724 2140 non
743 2114 846 2140 casu.

274 2155 433 2196 XLVI.
455 2155 564 2204 Quid
577 2155 618 2196 in
632 2155 847 2207 arboribus,
866 2153 907 2194 in
921 2154 1064 2208 quibus
1075 2166 1154 2196 non
1167 2161 1340 2207 truncus,
