1429 2344
191 57 272 97 318
346 55 424 95 DE
444 54 740 106 ORATORE,
769 55 867 94 11113.
884 55 967 95 III.
996 54 1101 96 CAP.
1117 56 1182 102 27.

191 171 318 203 sumta
337 164 525 215 superiore
538 171 647 202 motu
666 171 703 202 et
722 164 916 202 exhausta.
946 164 1087 216 Neque
1104 164 1145 202 id
1159 173 1300 203 actores

189 218 296 270 prius
321 218 510 267 viderunt,
539 231 656 269 quam
678 218 751 268 ipsi
769 222 904 269 poe‘tae,
924 231 1042 269 quam
1059 218 1224 269 denique
1241 218 1299 255 illi

189 272 321 320 etiam,
349 271 416 323 qui
440 271 609 309 fecerunt
633 271 780 320 modos,
807 285 830 310 a
855 271 995 323 quibus
1019 272 1189 323 utrisque
1207 273 1298 310 sub-

188 325 354 362 mittitur
372 325 532 376 aliquid,
559 325 695 363 deinde
719 332 893 376 augetur,
920 332 1160 374 extenuatur,
1187 325 1300 364 infla-

188 385 264 425 tur,
285 378 464 427 variatur,
485 379 742 429 distinguitur.

242 432 306 470 Ita
329 432 377 470 sit
401 432 509 470 nobis
533 432 651 482 igitur
673 439 828 471 ornatus
853 439 890 471 et
908 431 1032 471 suavis
1050 439 1188 481 orator,
1208 434 1296 476 (nec

187 492 316 523 tamen
334 492 457 536 potest
476 485 584 524 aliter
603 493 696 534 esse)
716 493 761 524 ut
779 486 1002 524 suavitatem
1020 485 1158 524 habeat
1171 492 1295 524 auste-

185 552 270 577 ram
295 546 332 576 et
351 539 524 587 solidam,
544 552 622 578 non
647 540 798 578 dulcem
823 547 938 590 atque
955 539 1172 578 decoctam:
1203 551 1295 576 nam

184 592 268 643 ipsa
292 592 342 630 ad
366 593 580 631 ornandum
604 600 792 644 praecepta
815 606 903 645 quae
928 593 1080 641 dantur,
1108 592 1296 642 ejusmodi

185 654 289 693 sunt,
317 653 362 684 ut
386 659 443 695 ea,
472 647 645 697 quamvis
670 647 931 685 vitiosissimus
949 653 1087 694 orator,
1107 645 1295 697 explicare

185 700 314 750 possit.
362 699 506 748 Quare,
522 707 566 738 ut
584 708 671 738 ante
689 700 783 749 dixi,
803 700 975 751 primum
993 699 1088 737 silva
1104 712 1232 737 rerum
1250 712 1295 737 ac

184 753 458 791 sententiarum
488 755 742 805 comparanda
773 761 842 801 est,
873 754 952 805 qua
978 753 1026 791 de
1057 759 1164 804 parte
1196 752 1295 791 dixit

183 807 379 844 Antonius
394 822 403 844 ε
420 808 501 845 haec
514 807 714 846 formanda
726 808 791 845 filo
805 808 887 859 ipso
902 814 938 845 et
951 819 1087 857 genere
1100 805 1292 855 orationis,

184 860 438 898 illuminanda
455 861 591 909 verbis,
612 861 792 899 varianda
809 860 1014 899 sententiis.

237 915 400 952 Summa
413 921 542 952 autem
552 915 636 953 laus
648 914 872 966 eloquentiae
883 921 951 960 est,
967 913 1197 965 amplificare
1210 925 1292 951 rem

183 967 378 1013 ornando3
408 968 511 1018 quod
530 969 642 1016 valet,
662 981 739 1006 non
759 968 883 1006 solum
901 967 951 1006 ad
975 967 1195 1017 augendum
1219 967 1289 1004 ali-

183 1021 278 1072 quid
301 1028 338 1059 et
362 1021 575 1059 tollendum
593 1022 721 1069 altius,
740 1021 913 1071 dicendo,
933 1020 998 1060 sed
1017 1020 1133 1060 etiam
1156 1020 1206 1058 ad
1223 1033 1289 1059 ex-

181 1075 420 1113 tenuandum
438 1083 553 1125 atque
571 1074 839 1123 abjiciendum.

237 1128 423 1166 XXVII.
453 1128 502 1165 Id
520 1128 750 1166 desideratur
763 1128 941 1166 omnibus
954 1127 1000 1165 iis
1018 1127 1059 1165 in
1076 1126 1180 1175 locis,
1195 1139 1290 1178 quos

181 1182 232 1220 ad
245 1182 360 1220 fidem
375 1181 551 1220 orationis
561 1181 773 1220 faciendam
785 1181 956 1220 adhiberi
969 1181 1067 1219 dixit
1076 1181 1286 1230 Antonius,

180 1236 242 1274 vel
270 1248 360 1273 cum
388 1236 638 1286 explanamus
663 1234 822 1286 aliquid,
846 1236 906 1273 vel
930 1247 1019 1272 cum
1043 1234 1288 1273 conciliamus

179 1289 341 1338 animos,
362 1289 422 1327 vel
440 1302 529 1327 cum
547 1289 790 1327 concitamus.
818 1287 922 1327 Sed
911 1300 953 1325 m
970 1288 1056 1336 hoc,
1076 1287 1180 1339 quod
1200 1300 1287 1338 pos-

180 1348 347 1380 tremum
372 1342 467 1390 dixi,
497 1342 740 1393 amplificatio
758 1348 881 1393 potest
897 1341 1138 1392 plurimum3
1169 1354 1289 1392 eaque

180 1408 259 1434 una
276 1397 360 1434 laus
378 1396 533 1434 oratoris
552 1404 606 1434 est
625 1395 778 1447 propria
794 1395 974 1433 maxime.
1013 1394 1146 1432 Etiam
1163 1396 1287 1444 major

180 1457 236 1487 est
254 1450 320 1487 illa
338 1449 566 1498 exercitatio,
587 1462 704 1500 quam
723 1457 892 1487 extremo
910 1461 1082 1487 sermone
1103 1447 1287 1486 instruxit

179 1503 375 1541 Antonius
393 1503 534 1554 (primo
552 1503 758 1552 rejiciebat)
776 1502 958 1540 laudandi
977 1508 1014 1540 et
1031 1501 1283 1552 vituperandi.

180 1556 293 1593 Nihil
311 1565 366 1594 est
384 1556 486 1594 enim
511 1556 560 1594 ad
585 1556 888 1607 exaggerandam
913 1562 951 1594 et
975 1554 1283 1606 amplificandam

176 1609 385 1657 orationem
411 1609 744 1659 accommodatius,
769 1622 887 1661 quam
911 1616 1119 1660 utrumque
1143 1609 1282 1646 horum

177 1662 476 1701 cumulatissime
493 1663 614 1701 facere
631 1676 749 1714 posse.
777 1663 1073 1724 Consequentur
1091 1662 1206 1700 etiam
1223 1662 1283 1700 illi

175 1716 263 1777 loci,
284 1716 366 1767 qui,
386 1729 622 1778 quamquam
645 1716 788 1768 proprii
807 1729 1019 1765 causarum,
1040 1722 1077 1754 et
1094 1715 1282 1754 inhaeren-

177 1775 233 1808 tes
251 1769 292 1807 in
311 1782 441 1807 earum
459 1770 582 1807 nervis
596 1783 674 1807 esse
691 1770 842 1818 debent,
861 1776 1003 1818 tamen,
1020 1769 1111 1820 quia
1128 1768 1176 1807 de
1193 1769 1280 1807 uni-

176 1822 284 1861 versa
301 1836 341 1861 re
358 1822 508 1861 tractari
525 1823 659 1871 solent,
672 1835 891 1861 communes
909 1836 932 1860 a
949 1822 1137 1860 veteribus
1154 1822 1280 1860 nomi-

175 1877 256 1914 nati
271 1883 387 1922 sunt3
417 1888 579 1927 quorum
598 1877 737 1927 partim
750 1877 891 1915 habent
904 1875 1083 1914 vitiorum
1097 1883 1135 1914 et
1147 1889 1279 1926 pecca-

173 1936 302 1969 torum
326 1942 449 1970 acrem
468 1930 675 1980 quamdam
699 1943 789 1968 cum
814 1929 1105 1981 amplificatione
1128 1929 1279 1968 incusa-

173 1983 330 2032 tionem,
350 1990 417 2021 aut
435 1984 642 2034 querelam,
660 1990 791 2021 contra
808 1996 925 2043 quam
947 1982 1022 2021 dici
1045 1983 1143 2020 1111111
1167 1983 1277 2032 solet,

173 2048 243 2074 nec
267 2044 402 2087 potest,
422 2043 466 2075 ut
489 2037 530 2074 in
556 2037 869 2088 depeculatorem,
897 2036 936 2074 in
963 2036 1208 2088 proditorem,
1234 2037 1276 2075 in

173 2090 425 2141 parricidam;
446 2091 591 2152 quibus
595 2091 665 2151 uti,
678 2090 906 2129 confirmatis
917 2090 1152 2151 criminibus,
1167 2103 1278 2142 opor-

174 2150 255 2191 tet3
284 2144 392 2185 aliter
418 2145 519 2185 enim
540 2145 662 2196 jejuni
687 2151 789 2195 sunt,
812 2151 926 2198 atque
943 2144 1097 2185 inanes·
1125 2143 1192 2185 alii
1209 2157 1278 2185 au-
