1429 2344
189 80 269 119 226
329 79 407 120 DE
436 80 731 131 ORATORE,
762 80 863 121 Lm.
881 80 939 121 II.
970 81 1077 122 CAP.
1093 82 1158 122 32.

191 188 240 228 tis
251 195 288 227 et
300 189 532 240 temporibus
544 188 745 228 definiatur
757 203 770 236 3
791 189 926 241 ignari,
942 202 1073 229 omnes
1087 195 1300 228 controver-

191 242 264 280 sias
278 243 326 280 ad
340 243 505 282 universi
519 243 664 294 generis
676 243 755 281 vim
774 251 811 281 et
828 252 1005 282 naturam
1019 243 1158 282 referri.
1190 244 1297 282 Nam

190 295 231 333 in
251 297 294 334 ea
312 296 396 347 ipsa
419 298 545 345 causa,
566 297 613 334 de
632 297 709 348 qua
727 304 815 335 ante
838 297 932 345 dixi,
953 298 1049 335 nihil
1067 297 1230 349 pertinet
1247 296 1297 334 ad

190 350 345 387 oratoris
363 351 463 388 locos
483 350 632 401 Opimii
655 364 828 402 persona,
848 351 944 389 nihil
963 351 1084 389 Decii.
1126 351 1188 388 De
1214 350 1298 401 ipso

190 403 294 441 enim
312 404 486 442 universo
505 417 640 454 genere
653 405 803 442 infinita
821 405 977 455 quaestio
992 412 1060 453 est,
1075 417 1171 442 num
1185 404 1298 455 poena

190 456 362 495 videatur
381 471 458 495 esse
477 458 707 506 afficiendus,
728 458 795 509 qui
820 458 940 496 civem
967 471 1014 496 ex
1041 461 1298 496 senatus-con-

191 511 305 558 sulto,
321 511 459 562 patriae.
471 511 732 550 conservandae
751 512 877 559 causa,
891 512 1135 559 interemerit,
1152 525 1240 550 cum
1259 511 1300 548 id

193 577 260 614 per
273 565 374 615 leges
388 578 465 604 non
478 566 617 603 liceret.
646 566 770 603 Nulla
781 565 944 616 denique
958 573 1013 603 est
1024 578 1149 612 causa,
1164 565 1204 603 in
1220 565 1299 616 qua

193 617 247 666 id,
268 619 372 669 quod
388 619 429 656 in
444 620 634 668 judicium
651 619 767 668 venit,
783 632 830 657 ex
849 632 1000 657 reorum
1018 619 1199 671 personis,
1223 631 1301 656 non

190 684 374 721 generum
399 673 568 724 ipsorum
592 673 769 711 universis.
794 673 1061 723 disputatione,
1094 679 1299 724 quaeratur.

195 725 419 771 Quinetiam
437 727 477 764 in
496 727 542 765 iis
559 728 663 778 ipsis,
684 727 752 765 ubi
771 727 817 764 de
835 727 934 765 facto
953 727 1173 777 ambigitur,
1194 739 1302 777 cepe-

194 779 293 817 ritne
311 788 441 818 contra
456 781 558 832 leges
582 782 760 832 pecunias
779 781 825 818 P.
846 780 1002 828 Decius,
1023 788 1248 831 argumenta
1266 786 1304 817 et

194 833 400 872 criminum
414 841 450 872 et
469 835 693 873 defensionis
711 841 931 873 revocentur
944 835 1090 885 oportet
1104 834 1153 872 ad
1166 846 1301 885 genus,

196 893 234 924 et
245 887 294 924 ad
307 895 483 926 naturam
496 889 712 927 universam
725 903 735 927 :
766 888 870 940 quod
884 896 1114 934 sumtuosus,
1128 888 1175 925 de
1188 888 1304 925 luxu-

195 941 278 986 ῐὶἓις
309 942 412 992 quod
438 942 551 980 alieni
576 950 768 994 appetens,
797 943 844 980 de
869 942 1050 988 avariti313
1080 941 1183 992 quod
1209 941 1305 979 sedi-

194 994 326 1043 tiosus,
348 995 394 1033 de
412 997 640 1034 turbulentis
659 1004 695 1034 et
713 996 824 1034 malis
843 996 1012 1041 civibus3
1043 995 1146 1046 quod
1160 1008 1183 1033 a
1200 995 1304 1032 mul-

194 1048 242 1085 tis
261 1049 446 1099 arguitur,
466 1050 514 1087 de
531 1063 666 1100 genere
684 1050 863 1088 testium:
893 1057 1111 1100 contraque,
1128 1062 1215 1100 quae
1232 1061 1302 1099 pro

193 1115 258 1139 reo
276 1102 462 1151 dicentur,
482 1104 611 1141 omnia
635 1104 840 1142 necessario
859 1117 882 1141 a
906 1111 1075 1154 tempore
1092 1110 1207 1153 atque
1233 1102 1304 1140 ho-

195 1156 300 1194 mine
317 1156 367 1194 ad
384 1170 604 1196 communes
629 1171 757 1195 rerum
782 1164 820 1195 et
844 1170 1026 1208 generum
1052 1169 1222 1195 summas
1246 1168 1305 1194 re-

197 1210 408 1248 volventur.
436 1211 572 1262 Atque
595 1211 676 1249 haec
700 1212 856 1249 forsitan
881 1211 1043 1259 homini,
1063 1223 1142 1248 non
1160 1209 1304 1257 omnia,

197 1277 285 1314 quae
297 1271 385 1302 sunt
396 1264 437 1301 in
448 1265 585 1303 natura
596 1278 737 1312 rerum,
745 1265 911 1304 celeriter
922 1265 1050 1303 animo
1061 1263 1307 1314 comprehen-

197 1317 316 1366 denti,
337 1319 529 1369 permulta
552 1319 764 1367 videantur,
788 1332 874 1370 quae
892 1319 1046 1357 veniant
1063 1318 1103 1355 in
1119 1317 1308 1366 judicium

198 1377 298 1420 tum,
319 1384 408 1409 cum
427 1372 474 1410 de
498 1372 598 1410 facto
623 1379 839 1423 quaeratur:
870 1372 935 1410 sed
953 1380 1081 1410 tamen
1103 1371 1308 1410 criminum

199 1432 254 1463 est
265 1425 485 1474 multitudo,
499 1438 577 1463 non
588 1425 851 1464 defensionum
863 1433 929 1463 aut
945 1426 1131 1474 locorum,
1146 1424 1307 1463 infinita.

251 1478 437 1517 XXXII.
467 1479 569 1527 Quae
586 1492 688 1528 vero,
708 1492 799 1517 cum
818 1480 864 1517 de
877 1479 977 1517 facto
990 1492 1068 1517 non
1083 1478 1305 1529 ambigitur,

199 1540 436 1583 quaeruntur,
457 1532 586 1584 qualia
603 1533 678 1571 sint
691 1545 703 1579 ς
725 1546 781 1582 ea,
795 1533 827 1571 si
845 1546 892 1571 ex
906 1533 977 1571 reis
991 1546 1181 1580 numeres,
1197 1539 1234 1570 et
1249 1532 1309 1569 in-

199 1586 451 1624 numerabilia
469 1594 570 1634 sunt,
591 1594 627 1624 et
646 1588 830 1632 obscura3
860 1587 892 1624 si
917 1600 965 1624 ex
989 1589 1115 1635 rebus,
1137 1585 1246 1625 valde
1271 1591 1309 1623 et

198 1639 362 1688 modica,
384 1647 420 1678 et
438 1640 611 1678 illustria.
641 1640 748 1678 Nam
767 1640 798 1678 si
816 1640 992 1678 Mancini
1011 1652 1164 1678 causam
1177 1639 1218 1676 in
1231 1651 1311 1676 uno

199 1692 384 1731 Mancino
411 1693 603 1744 ponimus,
632 1694 944 1745 quotiescumque
971 1693 1016 1742 is,
1044 1706 1160 1744 quem
1184 1699 1311 1743 pater-

197 1753 368 1798 patratus
382 1747 577 1795 dediderit,
594 1755 764 1798 receptus
777 1760 854 1785 non
869 1748 952 1796 erit,
968 1746 1076 1785 toties
1088 1759 1200 1784 causa
1213 1758 1312 1783 nova

200 1808 385 1838 nascetur.
426 1801 494 1839 Sin
518 1800 558 1838 in
583 1801 651 1838 illa
676 1801 924 1839 controversia
948 1814 1101 1838 causam
1125 1799 1229 1848 facit,
1256 1799 1313 1838 vi-

199 1854 381 1892 deaturne
400 1854 447 1901 ei,
468 1867 583 1905 quem
601 1861 896 1906 pater-patratus
914 1854 1111 1901 dediderit,
1132 1853 1164 1891 si
1182 1853 1214 1891 is
1232 1865 1310 1895 non

201 1907 249 1945 sit
272 1915 457 1959 receptus,
477 1908 755 1959 postliminium
781 1921 883 1954 esse3
912 1908 1010 1945 nihil
1035 1908 1083 1945 ad
1108 1914 1229 1945 artem
1254 1906 1312 1944 di-

200 1962 323 2009 cendi,
339 1974 407 2000 nec
422 1962 471 2000 ad
485 1969 709 2011 argumenta
727 1961 967 2009 defensionis,
984 1961 1159 2000 Mancini
1171 1973 1312 1998 nomen

200 2015 374 2066 pertinet.
417 2016 493 2063 Ac,
523 2016 555 2053 si
583 2015 676 2067 quid
703 2015 811 2054 affert
836 2023 1017 2067 praeterea
1051 2014 1218 2053 hominis
1244 2020 1313 2052 aut

200 2069 366 2119 dignitas
385 2077 451 2107 aut
469 2069 689 2130 indignitas,
710 2077 817 2108 extra
835 2069 1083 2122 quaestionem
1102 2075 1181 2114 est3
1211 2074 1249 2105 et
1267 2080 1312 2104 ea

200 2129 331 2160 tamen
349 2123 432 2174 ipsa
450 2123 570 2161 oratio
589 2123 638 2161 ad
662 2123 827 2162 universi
851 2123 997 2174 generis
1016 2121 1314 2173 disputationem

202 2176 388 2216 referatur
402 2189 551 2216 necesse
566 2185 633 2217 est.
663 2177 760 2218 Haec
774 2191 843 2229 ego
861 2190 938 2216 non
956 2189 1001 2216 eo
1015 2175 1170 2216 oonsilio
1187 2175 1318 2226 dispu-
