1407 2324
224 70 302 110 DE
321 69 615 121 ORATORE,
645 70 743 110 Lm.
760 70 844 110 ΙΙΙ.
873 70 977 110 CAP.
998 71 1064 110 21.
1118 72 1195 111 311

99 184 168 226 est,
187 184 232 216 ut
248 178 420 217 omnium
438 190 579 226 rerum,
599 178 796 227 virtutum,
817 178 1038 225 officiorum,
1058 178 1199 217 omnis-

98 244 174 283 que
191 238 348 292 naturai,
368 245 454 283 quae
466 244 588 270 mores
599 232 814 292 hominum,
834 245 920 283 quae
933 232 1092 279 animos,
1111 245 1199 284 quae

99 285 217 324 vitam
244 285 421 332 continet,
451 285 649 336 originem,
682 285 775 332 vim,
808 285 1108 336 mutationesque
1143 293 1199 324 te-

98 346 211 384 neat;
241 339 371 377 eadem
389 351 525 399 mores,
546 339 686 389 leges,
672 352 759 387 Jura
777 339 972 385 describat,
991 339 1199 389 rempubli-

97 404 182 429 cam
201 399 317 442 regat,
338 392 553 452 omniaque,
574 392 622 429 ad
641 404 920 442 quamcumque
938 405 1018 429 rem
1035 393 1198 443 pertine-

97 451 178 490 ant,
209 452 351 492 ornate,
382 445 603 496 copioseque
627 445 737 483 dicat.
785 445 834 483 In
863 457 939 496 quo
967 458 1102 496 genere
1129 458 1198 483 nos

98 497 252 548 quidem
267 511 458 536 versamur
473 505 636 545 tantum,
652 505 839 549 quantum
851 511 1064 548 possumus,
1077 511 1199 549 quan-

99 558 184 588 tum
207 551 372 602 ingenio,
399 559 587 602 quantum
611 552 788 589 mediocri
810 551 991 598 doctrina,
1011 559 1199 602 quantum

98 616 171 642 usu
196 605 388 642 valemus:
418 617 541 656 neque
565 612 692 642 tamen
716 604 810 652 istis,
837 604 904 655 qui
922 605 961 642 in
980 606 1058 642 una
1075 605 1199 655 philo-

96 657 230 707 sophia
266 658 373 708 quasi
407 657 692 695 tabernaculum
729 658 814 696 vitae
850 671 927 695 suae
954 658 1197 706 collocarunt,

96 711 263 748 multum
282 723 370 748 sane
387 711 427 748 in
446 711 696 761 disputatione
715 710 962 749 concedimus.

149 763 268 802 XXI.
299 764 405 811 Quid
423 764 524 802 enim
542 776 649 801 meus
667 764 861 801 familiaris
885 764 929 802 C.
950 763 1120 802 Velleius
1139 763 1196 801 af-

94 815 190 855 ferre
214 826 349 868 potest,
376 818 622 868 quamobrem
647 818 819 867 voluptas
845 817 893 854 sit
916 829 1110 855 summum
1130 818 1197 855 bo-

94 881 204 917 num,
235 870 337 921 quod
362 883 431 920 ego
455 882 532 908 non
556 870 739 920 copiosius
763 870 903 921 possim
927 871 987 908 vel
1011 870 1139 916 tutari,
1167 871 1198 908 si

94 923 224 970 velim,
244 923 303 961 vel
321 923 502 970 refellere,
526 935 573 960 ex
591 923 665 960 illis
683 923 787 970 locis,
808 936 902 974 quos
920 924 1093 974 exposuit
1109 924 1197 961 An-

93 976 233 1023 tonius,
252 976 323 1014 hac
341 976 488 1014 dicendi
506 976 780 1024 exercitatione,
798 976 839 1013 in
858 976 935 1027 qua
953 976 1122 1014 Velleius
1143 984 1198 1015 est

92 1029 211 1076 rudis,
248 1029 509 1080 unusquisque
538 1031 708 1067 nostrum
739 1031 936 1068 versatus?
983 1029 1090 1076 Quid
1127 1036 1195 1077 est,

93 1082 196 1143 quod
221 1089 287 1120 aut
310 1083 398 1121 Sex.
419 1082 638 1133 Pompeius,
665 1089 731 1120 aut
755 1083 830 1121 duo
855 1083 984 1130 Balbi,
1005 1090 1072 1120 aut
1088 1095 1197 1121 meus

88 1136 246 1181 amicus,
277 1135 345 1187 qui
373 1148 461 1174 cum
492 1135 662 1174 Panaetio
691 1136 799 1182 vixit,
832 1135 893 1174 M.
913 1136 1119 1187 Vigellius,
1148 1136 1196 1175 de

89 1189 227 1227 virtute
246 1189 433 1232 (homines
451 1189 582 1237 Stoici)
601 1189 745 1240 possint
762 1164 895 1237 dicere,
916 1203 994 1249 qua
1011 1190 1051 1226 in
1066 1190 1196 1241 dispu-

88 1243 230 1280 tatione
248 1255 316 1293 ego
334 1242 393 1280 his
412 1242 583 1289 debeam,
604 1249 671 1280 aut
688 1245 853 1280 vestrum
872 1243 1089 1293 quisquam,
1105 1255 1195 1280 con-

89 1295 248 1334 cedere?
278 1296 371 1334 Non
390 1302 444 1334 est
462 1295 564 1333 enim
582 1295 820 1356 philosoth
838 1296 969 1334 511111115
983 1296 1122 1332 artium
1137 1309 1196 1333 re-

87 1348 305 1399 liquatum·
335 1361 426 1386 nam
455 1348 548 1400 quid
576 1349 687 1386 faciet
715 1349 756 1386 in
781 1348 1000 1399 geometria,
1027 1349 1094 1399 qui
1117 1361 1195 1387 non

88 1401 289 1440 didicerit?
309 1402 430 1452 quid‘
420 1414 460 1439 111
478 1402 660 1440 musicis?
681 1409 748 1439 aut
765 1409 897 1449 taceat,
912 1402 1110 1452 oportebit,
1127 1410 1195 1441 aut

88 1467 137 1492 ne
155 1467 268 1492 sanus
287 1454 441 1505 quidem
456 1454 656 1503 judicetur.
699 1455 796 1493 Haec
821 1467 922 1502 vero,
943 1468 1028 1505 quae
1046 1462 1135 1493 sunt
1153 1456 1193 1493 in

87 1507 340 1559 philosophia,
365 1508 525 1558 ingeniis
550 1515 746 1556 eruuntur,
773 1507 822 1546 ad
844 1508 899 1555 id,
919 1508 1022 1558 quod
1039 1508 1079 1545 in
1099 1521 1194 1559 quo-

88 1574 163 1612 que
177 1561 377 1599 verisimile
395 1569 463 1609 est,
485 1561 723 1608 eliciendum,
744 1561 861 1599 acutis
883 1568 996 1612 atque
1016 1561 1191 1608 acribus;

87 1627 207 1666 eaque
224 1614 425 1653 exercitata
443 1615 609 1653 oratione
626 1615 832 1665 poliuntur.
867 1614 945 1652 Hic
963 1621 1088 1652 noster
1106 1615 1192 1652 vul-

86 1668 186 1719 garis
203 1675 340 1716 orator,
360 1668 391 1705 si
408 1668 536 1706 minus
554 1668 622 1706 erit
640 1668 783 1715 doctus,
799 1674 966 1705 attamen
979 1667 1019 1705 in
1033 1668 1193 1706 dicendo

87 1721 323 1768 exercitatus,
354 1721 425 1759 hac
457 1721 539 1772 ipsa
568 1721 832 1759 exercitatione
861 1721 1068 1767 communi,
1101 1721 1192 1759 istos

86 1774 242 1826 quidem
272 1773 455 1825 [nostros]
482 1775 715 1821 verberabit3
744 1787 868 1825 neque
893 1787 931 1812 se
956 1775 1004 1812 ab
1030 1774 1075 1811 iis
1100 1787 1190 1812 con-

86 1828 207 1866 temni
235 1840 279 1865 ac
309 1827 449 1879 despici
481 1828 588 1866 sinet.
634 1828 702 1866 Sin
734 1828 870 1879 aliquis
902 1827 1084 1865 exstiterit
1119 1827 1189 1864 ali-

85 1880 252 1931 quando,
277 1880 346 1932 qui
367 1881 589 1919 Aristotelio
611 1893 716 1919 more
739 1881 787 1918 de
810 1881 988 1919 omnibus
1012 1882 1123 1917 rebus
1147 1880 1188 1917 in

85 1941 288 1985 utramque
306 1934 529 1972 sententiam
548 1935 665 1985 possit
681 1935 817 1982 dicere,
837 1942 875 1972 et
892 1934 932 1971 in
951 1933 1057 1970 omni
1074 1933 1188 1971 caus'fa¹

85 1986 180 2025 duas
207 1987 408 2026 contrarias
437 1987 635 2035 orationes,
665 1987 859 2039 praeceptis
887 1987 989 2024 illius
1013 1985 1187 2036 cognitis,

85 2039 284 2091 explicare,
303 2048 371 2079 aut
382 2041 454 2079 hoc
466 2041 647 2080 Arcesilae
660 2041 787 2088 modo,
809 2047 845 2079 et
860 2039 1077 2085 Carneadis,
1099 2051 1188 2076 con-

82 2098 142 2131 tra
158 2104 284 2140 omne,
303 2094 406 2145 quod
423 2094 658 2145 propositum
676 2095 738 2141 sit,
767 2094 947 2139 disserat;
977 2091 1119 2143 quique
1137 2091 1187 2129 ad

82 2158 167 2186 eam
185 2145 369 2187 rationem
386 2148 571 2200 adjungat
588 2147 691 2188 hunc
709 2147 936 2188 rhetoricum
954 2157 1082 2195 usum,
1101 2157 1185 2184 mo-
