1407 2308
248 58 322 96 DE
352 57 644 104 ORATORE,
677 58 773 96 lan,
797 58 828 95 1.
859 57 961 95 (κζ-(Ρ.
983 57 1041 95 19.
1122 58 1193 94 143

101 165 286 213 doctrina,
314 173 350 203 et
376 165 542 216 quadam
570 165 777 203 incredibili
807 164 982 202 varietate
1010 177 1136 203 rerum
1164 172 1199 203 et

101 219 221 271 cupiit.
264 219 411 257 Omnes
439 220 539 257 enim
570 226 692 269 partes
719 219 820 256 illius
851 218 966 270 ipsius
994 218 1203 269 prudentiae

102 272 281 324 petendas
299 283 376 310 esse
394 285 418 310 a
435 272 673 324 philosophia
692 272 863 316 dicebat3
893 284 1014 323 neque
1033 285 1089 319 ea,
1118 285 1204 322 quae

102 334 354 364 statuerentur
378 326 417 363 in
443 326 636 377 republica
662 326 708 363 de
736 325 820 363 Diis
840 325 1130 373 immortalibus,
1159 325 1206 363 de

104 379 302 431 disciplina
328 380 552 428 juventutis,
587 379 633 416 de
661 379 823 427 justitia,
857 379 904 416 de
936 378 1130 430 patientia,
1159 379 1207 416 de

106 432 369 484 temperantia,
399 432 446 470 de
474 433 588 471 modo
618 446 741 470 rerum
773 432 960 481 onmium,
987 439 1207 483 eaeteraque,

107 487 187 525 sine
205 487 345 538 quibus
363 486 529 524 civitates
553 493 620 523 aut
645 500 736 534 esse,
757 492 822 523 aut
849 487 942 524 bene
960 493 1115 523 moratae
1133 498 1211 523 esse

109 553 183 577 non
221 546 385 591 possent,
424 552 586 591 usquam
623 539 662 576 in
700 551 830 577 eorum
867 538 1025 577 inveniri
1061 539 1210 576 libellis.

111 594 228 640 Quod
261 594 292 631 si
325 600 468 630 tantam
497 594 574 631 vim
604 605 729 631 rerum
756 592 1011 630 maximarum
1039 600 1117 629 arte
1145 591 1214 629 sua

111 646 283 685 rhetorici
301 646 357 684 illi
371 646 537 685 doctores
551 646 910 696 complecterentur;
928 647 1131 696 quaerebat,
1149 657 1216 682 cur

112 700 158 737 dc
185 700 388 751 prooemiis,
415 699 515 737 etde
535 700 705 750 epilogis,
734 706 770 737 et
795 699 842 737 de
868 698 1087 747 hujusmodi
1105 697 1217 747 nugis

113 754 183 794 (sie
208 754 309 791 enim
336 754 565 804 appellabat)
592 753 716 790 referti
741 758 861 790 essent
880 765 1010 789 eorum
1028 751 1141 796 libri;
1171 751 1218 788 de

115 807 329 845 civitatibus
365 805 617 853 instituendis,
654 806 701 843 de
737 805 938 843 scribendis
974 805 1134 854 legibus,
1173 804 1220 841 de

117 860 307 910 aequitate,
337 859 384 897 de
405 859 566 908 justitia,
596 859 642 897 de
661 858 747 906 fide,
768 859 815 896 de
834 858 1050 908 frangendis
1075 857 1221 907 cupidi-

117 914 272 962 tatibus,
302 913 348 950 de
374 912 651 951 confunnandis
675 912 875 949 hominum
904 912 1086 959 moribus,
1114 910 1221 948 litera

117 967 155 1004 in
171 979 301 1005 eorum
319 966 425 1004 libris
443 967 551 1004 nulla
564 965 803 1003 inveniretur.
834 965 925 1016 Ipsa
938 978 1025 1003 vero
1038 971 1224 1015 praeeepta

119 1020 171 1058 sic
201 1019 360 1058 illudere
391 1020 546 1067 solebat,
581 1026 623 1057 ut
655 1018 877 1066 ostenderet,
912 1031 988 1056 non
1021 1017 1135 1055 modo
1163 1029 1225 1054 eos

120 1074 223 1111 illius
248 1080 417 1124 expertes
443 1086 520 1111 esse
549 1072 772 1123 prudentiae,
804 1085 920 1123 quam
950 1071 1021 1110 sibi
1047 1070 1225 1108 adscisce-

124 1133 221 1174 rent,
250 1127 315 1165 sed
341 1139 389 1164 ne
417 1127 515 1164 hanc
544 1126 699 1177 quidem
724 1126 845 1177 ipsam
872 1125 1018 1163 dicendi
1044 1124 1225 1162 rationem

124 1193 169 1218 ac
192 1180 308 1227 viam,
318 1182 438 1228 nesse.
482 1179 609 1231 Caput
634 1179 736 1217 enim
760 1191 840 1217 esse
869 1179 1120 1217 arbitrabatur
1146 1190 1228 1214 ora-

125 1234 232 1281 toris,
259 1234 302 1271 ut
321 1240 357 1272 et
375 1232 601 1285 ipsis3‘apud
620 1237 715 1284 quos
734 1239 873 1282 ageret,
894 1232 993 1278 talis,
1020 1231 1172 1282 qualem
1192 1242 1231 1267 se
1247 1231 1251 1233 ’

126 1287 206 1338 ipse
235 1293 394 1338 optaret,
425 1287 637 1331 videretur3
668 1286 707 1323 id
736 1286 816 1323 fieri
847 1286 932 1324 vita:
960 1285 1155 1336 dignitate,
1184 1283 1231 1320 de

127 1340 208 1391 qua
226 1340 321 1378 nihil
339 1340 511 1378 rhetorici
533 1340 594 1378 isti
619 1339 785 1378 doctores
804 1339 842 1376 in
862 1338 1056 1390 praeceptis
1080 1337 1157 1375 suis
1174 1349 1231 1374 re-

129 1394 349 1445 liquissent:
380 1400 417 1431 et
436 1393 492 1431 uti
511 1406 655 1440 eorum,
680 1393 747 1443 qui
766 1392 952 1439 audirent,
973 1392 1025 1429 sie
1042 1390 1233 1429 afficeren-

131 1454 194 1485 tur
212 1446 344 1495 animi,
364 1454 408 1484 ut
425 1459 487 1485 eos
505 1446 601 1484 affici
621 1447 731 1484 vellet
749 1453 897 1490 orator;
923 1444 1026 1496 quod
1044 1445 1135 1482 item
1154 1442 1235 1480 fieri

134 1499 241 1538 nullo
269 1500 384 1538 modo
412 1512 532 1551 posse,
563 1499 635 1538 nisi
664 1506 900 1550 cognosceret
928 1499 959 1536 is
987 1498 1053 1549 qui
1082 1496 1234 1543 diceret,

134 1561 229 1605 quot
257 1553 378 1591 modis
403 1553 604 1591 hominum
629 1560 787 1601 mentes,
813 1560 850 1591 et
878 1552 1018 1604 quibus
1046 1552 1172 1598 rebus,
1201 1556 1238 1587 et

136 1620 213 1658 quo
237 1619 373 1658 genere
389 1606 580 1655 orationis,
608 1605 647 1644 in
667 1619 860 1657 quamque
878 1613 1024 1657 partem
1042 1614 1238 1641 moveren-

137 1668 224 1699 tur:
253 1660 333 1698 haec
357 1667 485 1698 autem
511 1672 589 1698 esse
611 1660 763 1711 penitus
787 1660 826 1697 in
853 1659 980 1698 media
1003 1655 1241 1709 philosophia

139 1722 284 1752 retrusa
301 1720 416 1765 atque
433 1713 586 1759 abdita3
616 1727 702 1764 quae
719 1713 781 1752 isti
805 1713 970 1751 rhetores
995 1724 1043 1749 ne
1067 1708 1243 1762 primori-

142 1769 214 1806 bus
237 1766 393 1818 quidem
417 1767 532 1805 labris
549 1767 768 1818 attigissent.
805 1766 866 1804 Ea
884 1765 1151 1810 Menedemus,
1179 1775 1244 1800 ex·
1286 1776 1290 1777 ⁷

141 1820 278 1872 emplis
291 1820 413 1871 magis
431 1832 549 1871 quam
567 1820 813 1871 argumentis,
833 1821 1040 1858 conabatur
1052 1816 1243 1855 refellere:

143 1873 360 1912 memoriter
385 1874 487 1911 enim
512 1873 636 1911 multa
660 1886 707 1911 ex
733 1873 963 1911 orationibus
982 1868 1249 1908 Demosthenis

144 1927 322 1979 praeelare
340 1926 477 1978 scripta
493 1927 755 1978 pronuntians,
775 1927 936 1973 dicebat,
963 1925 1088 1970 illum,
1109 1923 1148 1959 in
1168 1920 1249 1959 ani-

147 1980 221 2019 mis
246 1980 305 2018 vel
327 1979 500 2029 judicum
527 1980 587 2018 vel
611 1980 744 2032 populi
768 1980 809 2018 in
835 1991 988 2017 omnem
1018 1983 1163 2028 partem
1193 1973 1250 2011 di-

148 2033 267 2072 cendo
290 2033 566 2085 permovendis,
595 2045 670 2071 non
696 2033 810 2071 fuisse
835 2033 1024 2083 ignarum,
1052 2029 1190 2079 quibus
1209 2039 1252 2063 ea

151 2088 264 2125 rebus
281 2094 581 2138 consequeretur,
607 2100 694 2138 quae
719 2094 872 2138 negaret
896 2086 959 2124 inc
985 2084 1064 2123 sine
1090 2081 1252 2134 philoso-

153 2139 244 2190 phia
263 2152 495 2192 quemquam
515 2140 606 2179 scire
625 2153 741 2190 posse.
