1429 2344
167 78 242 117 402
272 75 349 116 DE
371 74 576 115 CLARIS
596 49 984 125 ORATORissUS,
1006 75 1109 116 off.
1131 77 1196 118 49.

171 192 347 232 oratores,
376 195 499 235 neque
523 182 677 231 fuerint,
706 183 961 235 praeteririque
990 197 1012 222 a
1041 197 1104 223 me
1128 184 1277 236 aliquot

173 253 221 277 ex
239 238 440 285 veteribus,
457 238 812 275 commemoratione
826 244 893 275 aut
905 238 1018 276 laude
1031 238 1189 289 dignos:
1211 238 1277 276 sed

173 293 245 330 hoc
274 290 429 342 quidem
457 290 715 340 ignoratione:
745 290 839 341 quid
868 290 970 328 enim
996 298 1052 329 est
1077 291 1277 343 superioris

174 345 308 391 aetatis,
325 343 427 395 quod
446 344 557 382 scribi
571 344 688 395 possit
700 343 748 381 de
765 344 824 392 iis,
845 344 892 382 de
911 344 1050 395 quibus
1068 346 1176 383 nulla
1193 357 1277 383 mo-

174 399 345 437 nimenta
361 398 585 448 loquuntur,
616 410 685 435 nec
703 397 878 445 aliorum,
898 410 968 436 nec
985 398 1154 449 ipsorum
1169 400 1186 437 Ρ
1216 398 1279 437 De

174 453 220 490 iis
240 459 381 498 autem,
402 463 496 502 quos
514 451 587 501 ipsi
605 451 783 499 vidimus,
810 451 1002 489 neminem
1028 451 1106 489 fere
1127 459 1280 502 praeter-

175 506 364 543 mittimus
390 517 535 551 eorum,
567 517 661 555 quos
684 504 888 555 aliquando
913 504 1076 542 dicentes
1100 505 1279 543 vidimus.

176 559 278 597 Volo
304 558 406 596 enim
432 557 529 604 sciri,
558 558 599 595 in
626 557 732 595 tant&
757 569 794 596 et
819 565 898 595 tam
925 565 1047 596 vetere
1071 559 1280 609 republica,

175 611 355 650 maximis
383 611 548 662 praemiis
574 610 798 662 eloquentiae
822 611 1034 662 propositis,
1061 624 1191 650 omnes
1216 625 1283 650 cu-

176 667 277 717 pisse
295 665 432 711 dicere,
453 677 529 702 non
547 665 732 715 plurimos
756 677 866 702 ausos
892 678 983 712 esse,
1003 665 1168 715 potuisse
1187 679 1284 716 pau-

178 733 252 757 cos.
292 719 379 769 Ego
405 726 532 756 tamen
557 718 611 755 ita
636 717 683 756 de
702 730 933 770 unoquoque
951 718 1088 766 dicam,
1109 726 1154 756 ut
1170 718 1283 756 intel-

177 773 248 823 ligi
265 773 394 823 possit,
416 784 531 823 quem
551 772 764 809 existimem
782 772 1040 820 clamatorem,
1060 785 1176 824 quem
1200 785 1284 810 ora-

180 835 302 864 torem
334 825 460 863 fuisse.
515 825 658 862 Iisdem
690 825 768 863 fere
803 826 1051 876 temporibus,
1085 833 1194 864 aetate
1224 826 1285 863 in-

178 880 330 918 feriores
362 879 491 930 paulo,
526 891 644 929 quam
677 878 822 927 Julius,
857 879 922 917 sed
955 880 1118 930 aequales
1148 892 1286 930 prope-

180 933 340 971 modum
358 933 526 979 fuerunt,
549 932 592 969 C.
612 932 737 978 Cotta,
760 932 805 969 P.
826 932 1033 982 Sulpicius,
1055 932 1105 980 Q.
1127 932 1283 981 Varius,

181 986 254 1024 Cn.
276 986 526 1036 Pomponius,
554 985 598 1023 C.
621 986 752 1032 Curio,
780 985 828 1023 L.
857 986 1005 1034 Fufius,
1033 986 1094 1023 M.
1116 985 1282 1035 Drusus,

181 1040 228 1078 P.
248 1040 466 1085 Antistius3
497 1051 565 1076 nec
583 1039 664 1076 ulla
683 1046 791 1076 aetate
809 1039 959 1078 uberior
976 1047 1167 1077 oratorum
1186 1039 1286 1078 fetus

181 1094 267 1132 fuit.
297 1093 445 1131 Ex·his
471 1092 584 1130 Cotta
609 1099 646 1130 et
671 1092 875 1143 Sulpicius,
903 1105 992 1130 cum
1017 1105 1104 1131 meo
1125 1090 1286 1142 judicio,

179 1154 265 1185 tum
284 1147 471 1193 omnium,
492 1146 601 1184 facile
618 1145 759 1196 primas
778 1146 957 1183 tulerunt.

237 1201 316 1239 Hic
341 1200 507 1247 Atticus,
539 1199 743 1246 Quomodo
772 1199 868 1237 istuc
897 1199 1002 1245 dicis,
1031 1198 1170 1251 inquit,
1197 1213 1285 1238 cum

183 1262 250 1292 tuo
262 1253 419 1304 judicio,
432 1261 516 1291 tum
532 1252 732 1290 omnium?
754 1253 972 1304 Semperne,
988 1253 1028 1290 in
1043 1260 1187 1292 oratore
1201 1267 1287 1304 pro-

180 1308 310 1347 bando
337 1314 403 1345 aut
424 1305 688 1357 improbando,
718 1306 824 1357 vulgi
846 1306 1034 1355 judicium
1059 1319 1148 1344 cum
1177 1307 1288 1345 intel-

182 1362 384 1413 ligentium
413 1360 556 1409 judicio
588 1359 791 1410 congruit?
830 1360 900 1397 An
931 1359 997 1397 alii
1027 1362 1236 1411 probantur
1266 1374 1290 1399 a

182 1415 442 1462 multitudine,
463 1413 528 1451 alii
547 1420 675 1451 autem
693 1414 741 1451 ab
759 1413 805 1450 iis
824 1413 892 1464 qui
908 1413 1158 1464 intelligunt?

237 1470 355 1507 Recte
373 1467 545 1519 requiris,
560 1467 734 1517 inquam,
754 1467 907 1505 Attice:
929 1467 994 1505 sed
1012 1467 1142 1505 audies
1160 1480 1207 1506 ex
1225 1481 1289 1507 me

180 1523 349 1569 fortasse,
371 1520 474 1572 quod
487 1533 563 1558 non
583 1532 713 1558 omnes
731 1522 902 1570 probent.
931 1521 999 1558 An
1019 1527 1074 1567 tu,
1090 1520 1230 1574 inquit,
1249 1522 1290 1560 id

181 1577 343 1622 laboras,
364 1575 395 1612 si
413 1575 502 1612 huic
520 1574 635 1612 modo
653 1574 777 1611 Bruto
795 1576 1021 1624 probaturus
1040 1587 1078 1612 es
1092 1576 1110 1612 Ρ

239 1630 373 1674 Plane,
397 1628 571 1678 inquam,
598 1627 742 1674 Attice,
773 1627 1068 1678 disputationem
1094 1627 1207 1676 hanc,
1240 1628 1289 1668 de

181 1690 327 1722 oratore
344 1681 539 1733 probando
557 1688 624 1719 aut
639 1681 906 1731 improbando,
925 1681 1048 1719 multo
1065 1681 1200 1719 malim
1219 1682 1289 1721 tibi

179 1744 218 1776 et
236 1737 359 1774 Bruto
377 1735 547 1785 placere:
578 1734 833 1785 eloquentiam
851 1742 980 1772 autem
998 1747 1122 1772 meam
1143 1736 1286 1786 populo

180 1789 332 1842 probari
351 1788 478 1826 velim.
506 1787 663 1825 Etenim
687 1799 834 1826 necesse
855 1795 922 1837 est,
947 1787 1015 1839 qui
1031 1787 1085 1825 ita
1102 1787 1216 1836 dicat,
1242 1796 1288 1828 ut

178 1858 203 1882 a
215 1841 460 1880 multitudine
467 1843 660 1892 probetur,
674 1841 850 1879 eumdem
864 1841 981 1879 doctis
994 1841 1164 1892 probari:
1181 1854 1288 1891 narn,

179 1896 274 1949 quid
288 1896 327 1933 in
343 1895 500 1933 dicendo
514 1903 659 1933 rectum
674 1894 722 1932 sit
736 1901 803 1932 aut
815 1907 992 1945 pravum,
1008 1907 1077 1945 ego
1092 1894 1286 1944 judicabo,

181 1952 214 1990 si
231 1949 345 1987 modo
363 1949 395 1987 is
413 1961 512 1995 sum,
539 1948 607 1999 qui
630 1948 670 1985 id
694 1948 835 1998 possim
862 1955 929 1986 aut
953 1948 1068 1986 sciam
1090 1948 1285 1998 judicare:

182 2003 306 2056 qualis
325 2015 411 2040 vero
430 2002 477 2040 sit
496 2009 632 2047 orator,
653 2014 700 2039 ex
719 2014 775 2048 e0,
796 2001 899 2052 quod
913 2001 944 2040 is
963 2001 1121 2039 dicendo
1138 2001 1286 2054 efficiet,

182 2056 319 2109 poterit
331 2055 504 2106 intelligi.
534 2055 628 2092 Tria
642 2061 731 2092 sunt
745 2055 847 2092 enim
863 2058 924 2098 (ut
942 2055 1098 2106 quidem
1116 2068 1185 2106 ego
1203 2067 1288 2094 sen·

179 2111 249 2157 tio)
270 2123 356 2161 quae
374 2109 448 2147 sint
467 2108 659 2147 efficienda
672 2108 853 2146 dicendo:
876 2116 919 2146 ut
933 2108 1110 2146 doceatur
1121 2109 1168 2156 is,
1183 2110 1287 2160 apud

180 2177 297 2216 quem
317 2163 473 2209 dicetur,
501 2170 543 2199 ut
562 2162 779 2209 delectetur,
807 2169 850 2200 ut
873 2169 1077 2205 moveatur
1086 2161 1286 2208 vehemen-
