1407 2308
224 65 300 106 DE
329 64 620 115 ORATORE,
649 66 747 105 Lm.
769 65 827 105 ΙΙ.
856 65 960 106 CAP.
979 67 1043 105 24.
1098 68 1176 114 217

89 172 236 211 tabulas
264 173 418 225 quidem
447 173 625 212 conficere
650 173 852 212 existimor.
899 172 1047 212 Verum
1075 180 1112 213 et
1140 174 1180 212 in

87 225 172 274 hoc,
193 239 239 264 ex
258 240 297 265 re
310 226 488 264 familiari
505 227 604 275 mea,
625 233 661 264 et
678 227 718 264 in
735 227 816 275 1110,
837 240 883 265 ex
902 239 945 265 eo
963 227 1065 278 quod
1083 227 1180 277 (1100,

88 279 317 330 quantulum
335 280 374 318 id
393 293 555 330 cumque
573 287 640 327 est,
661 280 753 330 quid
771 280 919 328 faciam,
937 280 1097 329 judicari
1114 293 1183 332 po-

90 339 172 370 test.
218 333 351 384 Atque
379 346 456 371 esse
483 340 610 371 tamen
637 334 776 371 multos
805 333 989 381 videmus,
1023 333 1089 384 qui
1117 346 1184 371 ne·-

90 385 233 423 minem
250 386 458 433 imitentur,
474 394 510 424 et
523 387 655 437 suapte
669 386 816 434 natura,
837 386 938 437 quod
957 387 1085 435 velint,
1106 387 1186 425 sine

90 439 316 490 cujusquam
341 438 599 486 similitudine,
627 447 925 489 consequantu13
954 439 1056 490 quod
1083 448 1119 478 et
1143 440 1184 478 in

91 492 195 529 vobis
213 493 458 530 animadverti
472 501 568 530 recte
581 500 715 543 potest,
732 493 869 540 Caesar,
886 501 922 530 et
936 492 1071 538 Cotta3
1093 506 1187 544 quo-

91 556 179 582 rum
204 546 296 583 alter
319 546 543 583 inusitatum
568 546 721 596 quidem
748 546 881 583 nostris
904 546 1109 584 oratoribus
1134 547 1188 584 10-

91 609 222 648 porem
241 599 445 649 quemdam
465 607 500 635 et
519 598 648 646 salem,
664 599 757 636 alter
775 598 1031 636 acutissimum
1046 607 1082 637 et
1100 601 1189 637 sub-

92 650 310 688 tilissimum
346 651 493 689 dicendi
528 664 659 702 genus,
691 659 745 689 est
776 659 1004 689 consecutus.
1052 652 1192 704 Neque

94 716 181 741 vero
200 712 317 742 vester
336 705 489 756 aequalis
509 704 624 742 Curio
651 708 784 755 (patre,
810 717 896 742 mea
915 704 1110 753 sententia,
1131 706 1192 743 vel

94 757 397 808 eloquentissimo
433 758 666 817 temporibus
700 758 790 803 illis)
828 770 1059 808 quemquam
1095 758 1191 796 mihi

94 822 322 862 magnopere
354 810 501 848 videtur
529 810 693 855 imitari3
733 810 799 861 qui
830 818 957 848 tamen
989 812 1192 849 verborum

94 864 289 913 gravitate,
310 871 346 901 et
364 864 562 914 elegantia,
579 870 615 901 et
634 863 754 913 copia,
775 876 882 900 suam
902 863 1108 914 quamdam
1128 877 1194 902 ex-

95 917 228 966 pressit
242 917 349 968 quasi
367 917 529 954 formam
548 916 785 980 figuramque
803 916 974 954 dicendi.
1005 916 1107 967 quod
1125 930 1195 968 ego

95 970 262 1007 maxime
279 969 386 1021 potui
401 969 596 1018 judicare'
587 982 627 1006 111
646 982 690 1006 ea
708 982 833 1017 causa,
850 982 966 1020 quarn
984 969 1048 1007 ille
1067 977 1195 1008 eontra

95 1034 158 1060 1110
182 1023 284 1074 apud
309 1023 559 1061 centumviros
578 1035 645 1073 pro
663 1022 841 1060 fratribus
860 1022 984 1060 Cossis
1003 1022 1125 1069 dixit3
1153 1023 1195 1061 in

95 1076 174 1136 qua
199 1076 295 1113 nihil
319 1076 376 1113 1111
400 1075 534 1123 defuit,
561 1075 663 1126 quod
686 1088 762 1113 non
787 1075 901 1113 modo
919 1075 1103 1128 copiosus,
1129 1076 1195 1115 sed

96 1129 210 1167 etiam
229 1129 374 1180 sapiens
393 1138 529 1177 orator,
548 1128 686 1166 habere
704 1129 865 1166 deberet.

148 1182 308 1221 XXIV.
337 1182 498 1230 Verum,
523 1189 567 1219 ut
590 1181 793 1232 aliquando
815 1181 863 1219 ad
887 1193 1015 1220 causas
1033 1180 1195 1221 deduca-

95 1248 182 1273 mus
200 1236 325 1283 illum,
342 1248 456 1287 quem
474 1234 719 1282 instituimus,
741 1242 777 1272 et
791 1248 852 1273 eas
870 1235 1037 1285 quidem,
1054 1235 1093 1273 in
1108 1236 1194 1286 qui-

95 1291 168 1327 bus
184 1289 402 1340 plusculum
420 1289 561 1339 negotii
579 1295 646 1336 est,
667 1288 896 1337 judiciorum
921 1295 1034 1339 atque
1051 1288 1193 1336 litium,

97 1342 233 1386 (riserit
251 1342 386 1394 aliquis
404 1342 557 1380 fortasse
573 1341 643 1378 hoc
658 1348 885 1391 praeceptum
900 1354 912 1385 ;
933 1349 987 1379 est
1002 1342 1103 1379 enim
1116 1354 1195 1379 non

97 1401 176 1433 tam
195 1403 363 1444 acutum,
379 1408 496 1446 quam
511 1394 772 1441 necessarium,
791 1394 986 1444 magisque
1000 1394 1196 1432 monitoris

98 1461 174 1486 non
207 1448 316 1496 fatui,
353 1461 469 1499 quam
497 1447 632 1485 eruditi
658 1447 843 1497 magistri)
869 1447 939 1485 hoc
967 1448 1001 1485 ei
1025 1447 1196 1498 primum

96 1501 370 1552 praecipiemus,
386 1513 644 1561 quascumque
662 1513 790 1538 causas
809 1499 878 1537 erit
896 1506 1059 1549 acturus,
1072 1507 1116 1538 ut
1134 1513 1197 1538 eas

98 1554 295 1615 diligenter
320 1554 545 1605 penitusque
572 1560 779 1603 cognoscat.
822 1553 945 1591 Hoc
935 1566 974 1591 in
1000 1553 1092 1592 ludo
1118 1566 1196 1591 non

97 1607 335 1658 praecipitur:
357 1606 482 1645 faciles
501 1607 602 1644 enim
621 1619 741 1644 causae
754 1605 802 1644 ad
815 1619 950 1657 pueros
963 1606 1196 1646 deferuntur.

99 1660 184 1699 Lex
211 1660 451 1711 peregrinum
479 1666 579 1698 vetat
605 1660 644 1697 in
671 1672 827 1697 murum
853 1659 1101 1698 adscendere.
1132 1659 1199 1697 ad-

99 1714 264 1752 scendit:
294 1714 416 1751 hostes
434 1713 595 1764 repulit.
625 1719 830 1751 accusatur.
860 1712 971 1751 Nihil
985 1720 1040 1752 est
1058 1712 1200 1763 negotii

100 1766 321 1816 hujusmodi
340 1779 490 1804 causam
509 1778 738 1826 cognoscere.
768 1765 886 1804 Recte
904 1766 1020 1816 igitur
1037 1766 1134 1803 nihil
1152 1766 1200 1803 de

100 1833 214 1858 causa
240 1818 416 1857 discenda
444 1819 689 1870 praecipiunt.
723 1817 803 1857 haec
833 1825 887 1857 est
915 1819 1018 1857 enim
1042 1818 1083 1856 in
1107 1818 1200 1856 ludo

101 1885 298 1912 causarum
312 1873 389 1910 fere
403 1872 577 1910 formula.
605 1872 664 1909 At
682 1885 768 1910 vero
782 1871 821 1908 in
840 1872 934 1920 foro,
955 1872 1107 1918 tabulae,
1127 1878 1201 1909 tes-

101 1926 272 1973 timonia,
298 1933 421 1976 pacta,
441 1932 637 1972 conventa,
656 1924 926 1985 stipulationes,
947 1925 1199 1983 cognationes,

101 1979 314 2027 affinitates,
334 1979 493 2026 decreta,
509 1991 698 2029 responsa,
718 1979 794 2016 vita
812 1978 974 2029 denique
988 1991 1118 2015 eorum
1132 1976 1200 2028 qui

101 2032 143 2069 in
170 2032 282 2070 causa
307 2039 515 2080 versantur,
545 2038 624 2069 tota
647 2031 901 2082 cognoscenda
928 2039 1005 2069 est:
1036 2042 1200 2081 quarum

101 2097 228 2123 rerum
245 2084 474 2136 negligentia
498 2085 695 2136 plerasque
716 2097 858 2131 causaS,
879 2090 915 2121 et
939 2083 1106 2121 maxime
1122 2082 1201 2134 pri-

100 2143 218 2184 vatas,
238 2139 343 2181 (sunt
366 2138 467 2176 enim
491 2138 615 2177 multo
640 2151 737 2190 saepe
758 2136 1004 2185 obscuriores)
1030 2135 1201 2176 videmus

155 2192 349 2238 (Rhe-tor.)
368 2202 472 2230 vor..
496 2202 524 2229 1.
849 2200 877 2228 u
