1429 2344
129 66 176 103 13
232 63 308 103 DE
338 62 725 114 INVENTIONE,
756 64 854 102 Lm.
872 64 905 103 1.
935 63 1039 104 CAP.
1059 64 1118 104 18.

127 186 167 210 re
186 172 284 210 nova
301 180 367 211 aut
392 172 551 210 ridicula
576 172 754 223 incipere,
785 179 851 210 aut
880 185 927 210 ex
951 179 1120 224 tempore
1149 186 1237 225 quae

128 234 218 264 nata
233 227 304 272 sit3
334 227 437 278 quod
455 239 587 278 genus,
617 225 849 276 [strepitum,
877 227 1185 264 acclamationem
1199 229 1235 278 ς]

128 288 196 317 3111
206 281 287 328 jam
302 281 447 331 parata,
468 293 554 332 quae
574 281 633 317 vel
652 280 870 330 apologum,
891 280 951 317 vel
974 279 1159 327 fabulam,
1180 280 1239 318 vel

131 334 300 384 aliquam
315 335 503 372 contineat
517 333 748 379 irrisionemg
770 341 849 380 aut,
870 333 900 370 si
914 333 966 370 rei
985 333 1147 383 dignitas
1161 333 1241 370 adi-

130 395 210 424 met
226 388 375 436 jocandi
391 388 624 434 facultatem,
645 387 790 437 aliquid
808 387 925 432 triste,
946 399 1102 433 novum,
1122 387 1242 425 horri-

133 441 223 487 bile,
245 441 373 478 statim
391 454 467 478 non
486 440 773 478 incommodum
792 447 847 477 est
864 440 1038 488 injicere:
1069 453 1174 488 nam,
1201 447 1244 477 ut

133 495 208 531 cibi
227 495 376 531 satietas
395 502 431 531 et
448 493 644 531 fastidium
671 500 738 530 aut
756 493 957 531 subamara
981 493 1111 544 aliqua
1129 507 1168 532 re
1187 507 1244 532 re-

133 548 293 595 levatur,
326 554 393 584 aut
418 547 521 584 dulci
550 547 772 597 mitigatum
804 547 856 584 sic
885 546 1049 594 animus,
1079 547 1246 584 defessus

134 601 337 650 audiendo,
368 608 435 638 aut
461 600 709 638 admiratione
732 600 954 651 integratur,
985 607 1052 638 aut
1075 600 1153 638 risu
1179 613 1246 638 no-

137 661 258 692 vatur.

189 707 357 745 XVIII.
386 706 449 745 Ac
467 706 668 757 separatim
695 706 865 757 quidem,
892 719 981 758 quae
999 706 1046 745 de
1063 707 1249 758 principio

138 768 176 799 et
201 761 455 799 insinuatione
480 761 638 798 dicenda
664 760 902 808 videbantur,
932 760 1015 813 haec
1040 761 1117 798 fere
1147 768 1247 799 sunt.

139 815 180 853 N
182 828 256 852 unc
281 815 465 865 quiddam
483 815 645 852 breviter
672 821 708 851 et
736 814 988 851 communiter
1013 814 1059 851 de
1088 821 1250 866 utroque

138 869 437 920 praecipiendum
468 868 628 905 videtur.
671 867 887 904 Exordium
917 868 1188 905 sententiarum
1213 875 1250 906 et

138 922 331 973 gravitatis
349 922 561 972 plurimum
580 921 690 958 debet
704 921 855 970 habere,
877 929 914 959 et
931 921 1087 959 omnino
1104 922 1248 970 omnia,

141 989 229 1027 quae
247 975 436 1026 pertinent
454 975 501 1012 ad
521 975 758 1025 dignitatem,
789 975 830 1012 111
849 988 888 1012 se
913 975 1114 1023 continere,
1134 989 1249 1026 prop-

140 1038 241 1067 terea
259 1029 361 1080 quod
379 1029 419 1066 id
443 1029 585 1079 optime
603 1028 820 1066 faciendum
845 1035 912 1076 est,
944 1028 1047 1079 quod
1064 1036 1251 1067 oratorem

139 1083 304 1121 auditori
328 1082 496 1120 maxime
515 1081 779 1126 commendetg
810 1081 1030 1132 splendoris,
1055 1090 1092 1120 et
1108 1083 1251 1120 festivi-

140 1137 241 1185 tatis,
274 1143 311 1174 et
329 1136 644 1174 concinnitudinis
673 1136 894 1184 111111111111111,
925 1143 1122 1186 propterea
1150 1136 1254 1187 quod.

141 1204 189 1228 ex
207 1191 266 1228 his
285 1190 446 1240 suspicio
461 1190 638 1240 quaedam
657 1189 908 1240 apparationis
920 1197 1034 1240 atque
1045 1190 1255 1228 artificiosae

141 1244 349 1294 diligentiae
368 1244 555 1289 nascitur-3
577 1256 664 1294 quae
675 1242 844 1280 maxime
855 1243 1014 1280 orationi
1028 1243 1156 1291 fidem,
1171 1256 1253 1281 ora-

143 1298 216 1335 tori
234 1297 369 1335 adimit
386 1297 659 1335 auctoritatem.
689 1296 796 1335 Vitia
814 1309 901 1334 vero
919 1297 1001 1334 haec
1020 1304 1108 1334 sunt
1127 1297 1253 1336 certis-

142 1351 238 1389 sima
258 1351 512 1399 exordiorum,
540 1364 628 1401 quae
649 1362 889 1400 summopere
907 1350 1023 1388 vitare
1041 1352 1252 1401 oportebit;

144 1406 313 1455 vulgare,
345 1417 561 1452 commune,
592 1404 876 1452 commutabile,
901 1404 1076 1454 longum,
1108 1417 1255 1455 separa-

144 1465 243 1506 tum,
261 1458 499 1506 translatum,
513 1465 642 1496 contra
654 1465 853 1508 praecepta.
884 1457 1055 1507 Vulgare
1069 1465 1138 1505 est,
1154 1458 1258 1509 quod

143 1512 185 1549 in
210 1513 337 1563 plures
366 1525 495 1549 causas
524 1520 646 1562 potest
670 1510 958 1559 accommodari,
989 1518 1033 1548 ut
1061 1512 1259 1550 convenire

145 1566 328 1603 videatur.
369 1565 584 1603 Commune
602 1573 670 1613 est,
691 1565 794 1616 quod
811 1565 931 1602 nihilo
949 1565 1077 1602 minus
1101 1565 1141 1602 in
1159 1565 1258 1604 hanc

146 1633 265 1670 quam
283 1620 323 1656 in
342 1619 568 1656 contrariam
592 1632 740 1670 partem
765 1631 888 1656 causae
906 1625 1029 1668 potest
1047 1619 1256 1657 convenire.

148 1673 430 1710 Commutabile
449 1681 517 1720 est,
544 1672 647 1723 quod
666 1674 713 1710 ab
739 1672 949 1709 adversario
966 1678 1102 1722 potest,
1128 1673 1260 1711 leviter

148 1734 355 1774 mutatum,
370 1739 416 1764 ex
436 1727 622 1764 contraria
639 1734 745 1776 parte
763 1725 848 1763 dici.
878 1725 1059 1775 Longum
1073 1733 1142 1774 est,
1157 1725 1261 1776 quod

147 1781 322 1831 pluribus
348 1780 469 1817 verbis
488 1788 555 1817 aut
580 1780 784 1827 sententiis,
811 1779 912 1816 ultra
940 1791 1058 1829 quam
1085 1779 1173 1817 satis
1192 1787 1260 1829 est,

147 1834 379 1885 producitur.
420 1834 645 1884 Separatum
665 1840 732 1881 est,
753 1832 856 1883 quod
880 1844 957 1869 non
977 1845 1024 1869 ex
1042 1832 1126 1882 ipsa
1150 1834 1264 1871 causa

149 1888 309 1926 ductum
328 1894 396 1934 est,
417 1900 498 1934 nec,
521 1887 616 1925 sicut
634 1886 789 1938 aliquod
809 1887 1043 1933 membrum,
1066 1898 1262 1925 annexum

149 1941 320 1980 orationi.
351 1941 601 1978 Translatum
626 1948 694 1988 est,
716 1939 819 1991 quod
837 1939 942 1977 aliud
961 1939 1123 1987 conficit,
1144 1953 1262 1991 quam

150 2008 274 2033 causae
292 2007 411 2045 genus
429 1995 619 2045 postulat3
650 2002 694 2031 ut
719 1994 750 2031 si
773 1993 858 2044 quis
884 1993 1044 2030 docilem
1064 1992 1176 2031 faciat
1194 2007 1263 2031 au-

149 2049 324 2096 ditorem,
345 2061 434 2086 cum
452 2048 752 2086 benevolentiam
775 2060 887 2085 causa
904 2046 1112 2091 desiderat;
1130 2054 1210 2095 aut,
1231 2048 1262 2085 si

150 2103 334 2153 principio
371 2109 513 2151 utatur,
548 2115 636 2140 cum
667 2101 959 2140 insinuationem
989 2113 1047 2138 res
1083 2101 1261 2151 postulat.

149 2156 291 2194 Contra
309 2167 497 2208 praecepta
515 2163 583 2205 est,
612 2155 715 2207 quod
738 2155 836 2193 nihil
861 2167 992 2193 eorum
1012 2153 1137 2204 efficit,
1168 2167 1262 2205 quo-
