<?xml version="1.0" encoding="UTF-8"?>
<!DOCTYPE html PUBLIC "-//W3C//DTD XHTML 1.0 Transitional//EN"
    "http://www.w3.org/TR/xhtml1/DTD/xhtml1-transitional.dtd">
<html xmlns="http://www.w3.org/1999/xhtml" xml:lang="en" lang="en">
 <head>
  <title>
</title>
<meta http-equiv="Content-Type" content="text/html;charset=utf-8" />
  <meta name='ocr-system' content='tesseract 3.04.00' />
  <meta name='ocr-capabilities' content='ocr_page ocr_carea ocr_par ocr_line ocrx_word'/>
</head>
<body>
  <div class='ocr_page' id='page_1' title='image "./operaern01ciceuoft_0136.png"; bbox 0 0 1429 2344; ppageno 0'>
   <div class='ocr_carea' id='block_1_1' title="bbox 141 36 1180 94">
    <p class='ocr_par' dir='ltr' id='par_1_1' title="bbox 141 36 1180 94">
     <span class='ocr_line' id='line_1_1' title="bbox 141 36 1180 94; baseline -0.002 -9"><span class='ocrx_word' id='word_1_1' title='bbox 141 47 218 85; x_wconf 80' lang='lat'>118</span> <span class='ocrx_word' id='word_1_2' title='bbox 257 44 335 85; x_wconf 89' lang='lat' dir='ltr'>DE</span> <span class='ocrx_word' id='word_1_3' title='bbox 366 36 887 94; x_wconf 70' lang='lat' dir='ltr'>1NVEN&#39;1‘10NE‚&#39;L1B.</span> <span class='ocrx_word' id='word_1_4' title='bbox 905 43 963 83; x_wconf 93' lang='grc' dir='ltr'>ΙΙ.</span> <span class='ocrx_word' id='word_1_5' title='bbox 993 45 1098 84; x_wconf 74' lang='lat' dir='ltr'><strong>CAP.</strong></span> <span class='ocrx_word' id='word_1_6' title='bbox 1115 47 1180 83; x_wconf 86' lang='lat'>55.</span> 
     </span>
    </p>
   </div>
   <div class='ocr_carea' id='block_1_2' title="bbox 133 151 1263 2187">
    <p class='ocr_par' dir='ltr' id='par_1_2' title="bbox 133 151 1258 848">
     <span class='ocr_line' id='line_1_2' title="bbox 135 151 1253 204; baseline -0.002 -12"><span class='ocrx_word' id='word_1_7' title='bbox 135 160 173 192; x_wconf 83' lang='lat' dir='ltr'>et</span> <span class='ocrx_word' id='word_1_8' title='bbox 188 154 347 203; x_wconf 73' lang='lat' dir='ltr'>justitia:</span> <span class='ocrx_word' id='word_1_9' title='bbox 365 153 577 202; x_wconf 76' lang='lat' dir='ltr'>injustitia:</span> <span class='ocrx_word' id='word_1_10' title='bbox 606 165 738 190; x_wconf 86' lang='lat' dir='ltr'>verum</span> <span class='ocrx_word' id='word_1_11' title='bbox 758 152 873 191; x_wconf 85' lang='lat' dir='ltr'>etiam</span> <span class='ocrx_word' id='word_1_12' title='bbox 892 152 972 201; x_wconf 87' lang='lat' dir='ltr'>illa,</span> <span class='ocrx_word' id='word_1_13' title='bbox 994 165 1080 204; x_wconf 79' lang='lat' dir='ltr'>quae</span> <span class='ocrx_word' id='word_1_14' title='bbox 1098 151 1253 204; x_wconf 84' lang='lat' dir='ltr'>propin-</span> 
     </span>
     <span class='ocr_line' id='line_1_3' title="bbox 135 206 1253 259; baseline -0.002 -14"><span class='ocrx_word' id='word_1_15' title='bbox 135 221 214 259; x_wconf 80' lang='lat' dir='ltr'>qua</span> <span class='ocrx_word' id='word_1_16' title='bbox 243 208 419 246; x_wconf 88' lang='lat' dir='ltr'>videntur</span> <span class='ocrx_word' id='word_1_17' title='bbox 449 213 486 245; x_wconf 86' lang='lat' dir='ltr'>et</span> <span class='ocrx_word' id='word_1_18' title='bbox 518 206 683 244; x_wconf 87' lang='lat' dir='ltr'>finitima</span> <span class='ocrx_word' id='word_1_19' title='bbox 716 219 808 255; x_wconf 87' lang='lat' dir='ltr'>esse,</span> <span class='ocrx_word' id='word_1_20' title='bbox 843 208 982 244; x_wconf 88' lang='lat' dir='ltr'>absunt</span> <span class='ocrx_word' id='word_1_21' title='bbox 1008 213 1137 244; x_wconf 85' lang='lat' dir='ltr'>autern</span> <span class='ocrx_word' id='word_1_22' title='bbox 1169 207 1253 243; x_wconf 86' lang='lat' dir='ltr'>lon-</span> 
     </span>
     <span class='ocr_line' id='line_1_4' title="bbox 133 259 1253 321; baseline -0.002 -23"><span class='ocrx_word' id='word_1_23' title='bbox 133 261 311 311; x_wconf 80' lang='lat' dir='ltr'>gissime:</span> <span class='ocrx_word' id='word_1_24' title='bbox 344 260 447 312; x_wconf 89' lang='lat' dir='ltr'>quod</span> <span class='ocrx_word' id='word_1_25' title='bbox 466 273 525 321; x_wconf 73' lang='lat' dir='ltr'>gei</span> <span class='ocrx_word' id='word_1_26' title='bbox 514 273 602 306; x_wconf 75' lang='grc' dir='ltr'>ιιιε,</span> <span class='ocrx_word' id='word_1_27' title='bbox 623 259 788 297; x_wconf 86' lang='lat' dir='ltr'>fidentiae</span> <span class='ocrx_word' id='word_1_28' title='bbox 815 260 1046 298; x_wconf 86' lang='lat' dir='ltr'>contrarium</span> <span class='ocrx_word' id='word_1_29' title='bbox 1073 267 1129 297; x_wconf 85' lang='lat' dir='ltr'>est</span> <span class='ocrx_word' id='word_1_30' title='bbox 1154 259 1253 296; x_wconf 85' lang='lat' dir='ltr'>diffi-</span> 
     </span>
     <span class='ocr_line' id='line_1_5' title="bbox 134 313 1252 372; baseline -0.002 -20"><span class='ocrx_word' id='word_1_31' title='bbox 134 314 278 363; x_wconf 84' lang='lat' dir='ltr'>dentia,</span> <span class='ocrx_word' id='word_1_32' title='bbox 300 322 337 352; x_wconf 92' lang='lat' dir='ltr'>et</span> <span class='ocrx_word' id='word_1_33' title='bbox 356 327 401 352; x_wconf 81' lang='lat' dir='ltr'>ea</span> <span class='ocrx_word' id='word_1_34' title='bbox 420 327 459 352; x_wconf 90' lang='lat' dir='ltr'>re</span> <span class='ocrx_word' id='word_1_35' title='bbox 478 314 616 351; x_wconf 84' lang='lat' dir='ltr'>vitium</span> <span class='ocrx_word' id='word_1_36' title='bbox 636 320 711 351; x_wconf 84' lang='lat' dir='ltr'>est.</span> <span class='ocrx_word' id='word_1_37' title='bbox 739 313 897 351; x_wconf 83' lang='lat' dir='ltr'>audacia</span> <span class='ocrx_word' id='word_1_38' title='bbox 915 326 991 351; x_wconf 90' lang='lat' dir='ltr'>non</span> <span class='ocrx_word' id='word_1_39' title='bbox 1006 313 1252 372; x_wconf 78' lang='lat' dir='ltr'>contrarium,</span> 
     </span>
     <span class='ocr_line' id='line_1_6' title="bbox 135 366 1254 419; baseline -0.003 -13"><span class='ocrx_word' id='word_1_40' title='bbox 135 368 201 406; x_wconf 80' lang='lat' dir='ltr'>Sed</span> <span class='ocrx_word' id='word_1_41' title='bbox 219 369 436 419; x_wconf 75' lang='lat' dir='ltr'>appositum</span> <span class='ocrx_word' id='word_1_42' title='bbox 457 375 512 405; x_wconf 84' lang='lat' dir='ltr'>est</span> <span class='ocrx_word' id='word_1_43' title='bbox 535 380 578 405; x_wconf 87' lang='lat' dir='ltr'>ac</span> <span class='ocrx_word' id='word_1_44' title='bbox 602 366 878 418; x_wconf 86' lang='lat' dir='ltr'>propinquum,</span> <span class='ocrx_word' id='word_1_45' title='bbox 907 374 944 405; x_wconf 86' lang='lat' dir='ltr'>et</span> <span class='ocrx_word' id='word_1_46' title='bbox 968 375 1098 405; x_wconf 88' lang='lat' dir='ltr'>tamen</span> <span class='ocrx_word' id='word_1_47' title='bbox 1118 366 1254 404; x_wconf 88' lang='lat' dir='ltr'>vitium</span> 
     </span>
     <span class='ocr_line' id='line_1_7' title="bbox 136 420 1255 471; baseline -0.002 -12"><span class='ocrx_word' id='word_1_48' title='bbox 136 430 204 459; x_wconf 78' lang='lat' dir='ltr'>est.</span> <span class='ocrx_word' id='word_1_49' title='bbox 246 422 309 460; x_wconf 73' lang='lat' dir='ltr'>Sic</span> <span class='ocrx_word' id='word_1_50' title='bbox 335 420 542 471; x_wconf 89' lang='lat' dir='ltr'>unicuique</span> <span class='ocrx_word' id='word_1_51' title='bbox 561 420 692 458; x_wconf 64' lang='lat' dir='ltr'>virtuti</span> <span class='ocrx_word' id='word_1_52' title='bbox 711 420 919 458; x_wconf 87' lang='lat' dir='ltr'>finitimum</span> <span class='ocrx_word' id='word_1_53' title='bbox 940 421 1076 459; x_wconf 84' lang='lat' dir='ltr'>vitium</span> <span class='ocrx_word' id='word_1_54' title='bbox 1095 420 1255 471; x_wconf 89' lang='lat' dir='ltr'>reperie-</span> 
     </span>
     <span class='ocr_line' id='line_1_8' title="bbox 137 473 1254 525; baseline -0.002 -12"><span class='ocrx_word' id='word_1_55' title='bbox 137 482 213 523; x_wconf 89' lang='lat' dir='ltr'>tur,</span> <span class='ocrx_word' id='word_1_56' title='bbox 235 482 301 513; x_wconf 86' lang='lat' dir='ltr'>aut</span> <span class='ocrx_word' id='word_1_57' title='bbox 329 482 428 513; x_wconf 90' lang='lat' dir='ltr'>certo</span> <span class='ocrx_word' id='word_1_58' title='bbox 450 475 533 524; x_wconf 85' lang='lat' dir='ltr'>jam</span> <span class='ocrx_word' id='word_1_59' title='bbox 558 474 713 511; x_wconf 88' lang='lat' dir='ltr'>nomine</span> <span class='ocrx_word' id='word_1_60' title='bbox 739 475 987 525; x_wconf 84' lang='lat' dir='ltr'>appellatum,</span> <span class='ocrx_word' id='word_1_61' title='bbox 1014 482 1059 512; x_wconf 91' lang='lat' dir='ltr'>ut</span> <span class='ocrx_word' id='word_1_62' title='bbox 1082 473 1254 521; x_wconf 83' lang='lat' dir='ltr'>audacia,</span> 
     </span>
     <span class='ocr_line' id='line_1_9' title="bbox 136 527 1257 579; baseline -0.001 -14"><span class='ocrx_word' id='word_1_63' title='bbox 136 542 224 579; x_wconf 87' lang='lat' dir='ltr'>quae</span> <span class='ocrx_word' id='word_1_64' title='bbox 242 528 431 566; x_wconf 85' lang='lat' dir='ltr'>fidentiae·</span> <span class='ocrx_word' id='word_1_65' title='bbox 422 556 433 574; x_wconf 89' lang='lat'>,</span> <span class='ocrx_word' id='word_1_66' title='bbox 459 527 678 579; x_wconf 81' lang='lat' dir='ltr'>pertinacia,</span> <span class='ocrx_word' id='word_1_67' title='bbox 695 541 747 578; x_wconf 83' lang='lat' dir='ltr'>qu</span> <span class='ocrx_word' id='word_1_68' title='bbox 737 542 781 565; x_wconf 83' lang='lat' dir='ltr'><strong>ae</strong></span> <span class='ocrx_word' id='word_1_69' title='bbox 795 541 925 578; x_wconf 84' lang='lat' dir='ltr'><strong>persev</strong></span> <span class='ocrx_word' id='word_1_70' title='bbox 927 527 1079 565; x_wconf 85' lang='lat' dir='ltr'>erantiae</span> <span class='ocrx_word' id='word_1_71' title='bbox 1093 527 1257 564; x_wconf 84' lang='lat' dir='ltr'>finitima</span> 
     </span>
     <span class='ocr_line' id='line_1_10' title="bbox 135 581 1258 642; baseline -0.001 -23"><span class='ocrx_word' id='word_1_72' title='bbox 135 589 218 619; x_wconf 87' lang='lat' dir='ltr'>est·</span> <span class='ocrx_word' id='word_1_73' title='bbox 207 611 218 628; x_wconf 92' lang='lat'>,</span> <span class='ocrx_word' id='word_1_74' title='bbox 255 581 483 633; x_wconf 81' lang='lat' dir='ltr'>superstitio,</span> <span class='ocrx_word' id='word_1_75' title='bbox 515 595 601 633; x_wconf 84' lang='lat' dir='ltr'>quae</span> <span class='ocrx_word' id='word_1_76' title='bbox 628 581 802 632; x_wconf 84' lang='lat' dir='ltr'>religioni</span> <span class='ocrx_word' id='word_1_77' title='bbox 829 581 1045 642; x_wconf 79' lang='lat' dir='ltr'>propinqua</span> <span class='ocrx_word' id='word_1_78' title='bbox 1072 588 1155 626; x_wconf 83' lang='lat' dir='ltr'>est;</span> <span class='ocrx_word' id='word_1_79' title='bbox 1189 588 1258 618; x_wconf 83' lang='lat' dir='ltr'>aut</span> 
     </span>
     <span class='ocr_line' id='line_1_11' title="bbox 135 634 1256 683; baseline -0.002 -10"><span class='ocrx_word' id='word_1_80' title='bbox 135 635 217 674; x_wconf 89' lang='lat' dir='ltr'>sine</span> <span class='ocrx_word' id='word_1_81' title='bbox 235 636 315 674; x_wconf 85' lang='lat' dir='ltr'>ullo</span> <span class='ocrx_word' id='word_1_82' title='bbox 335 643 435 673; x_wconf 90' lang='lat' dir='ltr'>certo</span> <span class='ocrx_word' id='word_1_83' title='bbox 461 635 627 673; x_wconf 87' lang='lat' dir='ltr'>nomine.</span> <span class='ocrx_word' id='word_1_84' title='bbox 669 635 770 682; x_wconf 83' lang='lat' dir='ltr'>Quae</span> <span class='ocrx_word' id='word_1_85' title='bbox 795 635 925 673; x_wconf 87' lang='lat' dir='ltr'>onmia</span> <span class='ocrx_word' id='word_1_86' title='bbox 949 635 1056 683; x_wconf 87' lang='lat' dir='ltr'>item,</span> <span class='ocrx_word' id='word_1_87' title='bbox 1084 634 1142 672; x_wconf 88' lang='lat' dir='ltr'>uti</span> <span class='ocrx_word' id='word_1_88' title='bbox 1167 646 1256 672; x_wconf 87' lang='lat' dir='ltr'>con-</span> 
     </span>
     <span class='ocr_line' id='line_1_12' title="bbox 137 688 1255 748; baseline -0.001 -22"><span class='ocrx_word' id='word_1_89' title='bbox 137 696 171 726; x_wconf 88' lang='lat' dir='ltr'>t1</span> <span class='ocrx_word' id='word_1_90' title='bbox 173 702 252 727; x_wconf 81' lang='lat' dir='ltr'>arla</span> <span class='ocrx_word' id='word_1_91' title='bbox 269 702 398 727; x_wconf 84' lang='lat' dir='ltr'>rerum</span> <span class='ocrx_word' id='word_1_92' title='bbox 415 691 620 737; x_wconf 88' lang='lat' dir='ltr'>bonarum,</span> <span class='ocrx_word' id='word_1_93' title='bbox 640 688 681 726; x_wconf 89' lang='lat' dir='ltr'>in</span> <span class='ocrx_word' id='word_1_94' title='bbox 699 691 812 726; x_wconf 85' lang='lat' dir='ltr'>rebus</span> <span class='ocrx_word' id='word_1_95' title='bbox 831 688 994 726; x_wconf 83' lang='lat' dir='ltr'>vitandis</span> <span class='ocrx_word' id='word_1_96' title='bbox 1016 700 1255 748; x_wconf 87' lang='lat' dir='ltr'><strong>reponemus.</strong></span> 
     </span>
     <span class='ocr_line' id='line_1_13' title="bbox 137 741 1257 803; baseline -0.002 -22"><span class='ocrx_word' id='word_1_97' title='bbox 137 742 201 781; x_wconf 91' lang='lat' dir='ltr'>Ac</span> <span class='ocrx_word' id='word_1_98' title='bbox 227 743 275 781; x_wconf 91' lang='lat' dir='ltr'>de</span> <span class='ocrx_word' id='word_1_99' title='bbox 300 756 344 781; x_wconf 90' lang='lat' dir='ltr'>eo</span> <span class='ocrx_word' id='word_1_100' title='bbox 370 743 576 794; x_wconf 55' lang='lat' dir='ltr'>quidemo</span> <span class='ocrx_word' id='word_1_101' title='bbox 553 755 688 780; x_wconf 60' lang='lat' dir='ltr'>&lt;tenere</span> <span class='ocrx_word' id='word_1_102' title='bbox 712 742 932 791; x_wconf 82' lang='lat' dir='ltr'>honestatis,</span> <span class='ocrx_word' id='word_1_103' title='bbox 953 743 1057 793; x_wconf 89' lang='lat' dir='ltr'>quod</span> <span class='ocrx_word' id='word_1_104' title='bbox 1081 741 1188 803; x_wconf 83' lang='grc' dir='ltr'>οιιιιιι</span> <span class='ocrx_word' id='word_1_105' title='bbox 1209 754 1257 779; x_wconf 85' lang='lat' dir='ltr'>ex</span> 
     </span>
     <span class='ocr_line' id='line_1_14' title="bbox 137 796 1008 848; baseline -0.001 -14"><span class='ocrx_word' id='word_1_106' title='bbox 137 803 245 847; x_wconf 86' lang='lat' dir='ltr'>parte</span> <span class='ocrx_word' id='word_1_107' title='bbox 262 804 417 847; x_wconf 86' lang='lat' dir='ltr'>propter</span> <span class='ocrx_word' id='word_1_108' title='bbox 436 810 475 834; x_wconf 84' lang='lat' dir='ltr'>se</span> <span class='ocrx_word' id='word_1_109' title='bbox 493 797 649 848; x_wconf 85' lang='lat' dir='ltr'>petitur,</span> <span class='ocrx_word' id='word_1_110' title='bbox 670 796 758 834; x_wconf 88' lang='lat' dir='ltr'>satis</span> <span class='ocrx_word' id='word_1_111' title='bbox 777 796 922 833; x_wconf 82' lang='lat' dir='ltr'>dictum</span> <span class='ocrx_word' id='word_1_112' title='bbox 942 803 1008 834; x_wconf 82' lang='lat' dir='ltr'>est.</span> 
     </span>
    </p>

    <p class='ocr_par' dir='ltr' id='par_1_3' title="bbox 135 849 1263 2187">
     <span class='ocr_line' id='line_1_15' title="bbox 194 849 1257 902; baseline -0.002 -14"><span class='ocrx_word' id='word_1_113' title='bbox 194 850 284 888; x_wconf 88' lang='lat' dir='ltr'>LV.</span> <span class='ocrx_word' id='word_1_114' title='bbox 315 851 433 888; x_wconf 85' lang='lat' dir='ltr'>Nunc</span> <span class='ocrx_word' id='word_1_115' title='bbox 459 850 506 888; x_wconf 89' lang='lat' dir='ltr'>de</span> <span class='ocrx_word' id='word_1_116' title='bbox 531 863 589 898; x_wconf 90' lang='lat' dir='ltr'>eo,</span> <span class='ocrx_word' id='word_1_117' title='bbox 609 849 650 887; x_wconf 87' lang='lat' dir='ltr'>in</span> <span class='ocrx_word' id='word_1_118' title='bbox 676 863 753 901; x_wconf 87' lang='lat' dir='ltr'>quo</span> <span class='ocrx_word' id='word_1_119' title='bbox 777 849 922 887; x_wconf 84' lang='lat' dir='ltr'>utilitas</span> <span class='ocrx_word' id='word_1_120' title='bbox 946 862 1099 902; x_wconf 82' lang='lat' dir='ltr'>quoque</span> <span class='ocrx_word' id='word_1_121' title='bbox 1121 849 1257 898; x_wconf 80' lang='lat' dir='ltr'>adjun-</span> 
     </span>
     <span class='ocr_line' id='line_1_16' title="bbox 135 903 1257 955; baseline -0.001 -14"><span class='ocrx_word' id='word_1_122' title='bbox 135 903 254 954; x_wconf 86' lang='lat' dir='ltr'>gitur,</span> <span class='ocrx_word' id='word_1_123' title='bbox 288 904 392 955; x_wconf 88' lang='lat' dir='ltr'>quod</span> <span class='ocrx_word' id='word_1_124' title='bbox 424 911 554 942; x_wconf 85' lang='lat' dir='ltr'>tamen</span> <span class='ocrx_word' id='word_1_125' title='bbox 586 904 789 941; x_wconf 89' lang='lat' dir='ltr'>honestum</span> <span class='ocrx_word' id='word_1_126' title='bbox 822 916 1014 952; x_wconf 86' lang='lat' dir='ltr'>vocamus,</span> <span class='ocrx_word' id='word_1_127' title='bbox 1053 903 1257 941; x_wconf 87' lang='lat' dir='ltr'>dicerdum</span> 
     </span>
     <span class='ocr_line' id='line_1_17' title="bbox 136 956 1255 1008; baseline 0 -14"><span class='ocrx_word' id='word_1_128' title='bbox 136 957 297 995; x_wconf 88' lang='lat' dir='ltr'>videtur.</span> <span class='ocrx_word' id='word_1_129' title='bbox 327 958 427 995; x_wconf 84' lang='lat' dir='ltr'>Sunt</span> <span class='ocrx_word' id='word_1_130' title='bbox 444 957 562 1008; x_wconf 88' lang='lat' dir='ltr'>igitur</span> <span class='ocrx_word' id='word_1_131' title='bbox 580 958 718 1005; x_wconf 86' lang='lat' dir='ltr'>multa,</span> <span class='ocrx_word' id='word_1_132' title='bbox 740 970 828 1008; x_wconf 85' lang='lat' dir='ltr'>quae</span> <span class='ocrx_word' id='word_1_133' title='bbox 845 969 928 1006; x_wconf 87' lang='lat' dir='ltr'>nos,</span> <span class='ocrx_word' id='word_1_134' title='bbox 949 970 1039 995; x_wconf 89' lang='lat' dir='ltr'>cum</span> <span class='ocrx_word' id='word_1_135' title='bbox 1058 956 1255 1007; x_wconf 81' lang='lat' dir='ltr'>dignitate,</span> 
     </span>
     <span class='ocr_line' id='line_1_18' title="bbox 137 1010 1259 1062; baseline 0 -14"><span class='ocrx_word' id='word_1_136' title='bbox 137 1017 224 1048; x_wconf 88' lang='lat' dir='ltr'>tum</span> <span class='ocrx_word' id='word_1_137' title='bbox 242 1010 367 1048; x_wconf 85' lang='lat' dir='ltr'>fructu</span> <span class='ocrx_word' id='word_1_138' title='bbox 390 1024 543 1062; x_wconf 88' lang='lat' dir='ltr'>quoque</span> <span class='ocrx_word' id='word_1_139' title='bbox 562 1023 645 1059; x_wconf 88' lang='lat' dir='ltr'>suo,</span> <span class='ocrx_word' id='word_1_140' title='bbox 669 1010 839 1048; x_wconf 85' lang='lat' dir='ltr'>ducunt:</span> <span class='ocrx_word' id='word_1_141' title='bbox 870 1023 948 1061; x_wconf 91' lang='lat' dir='ltr'>quo</span> <span class='ocrx_word' id='word_1_142' title='bbox 975 1010 1016 1048; x_wconf 89' lang='grc' dir='ltr'>ιιι</span> <span class='ocrx_word' id='word_1_143' title='bbox 1042 1023 1179 1061; x_wconf 86' lang='lat' dir='ltr'><strong>genere</strong></span> <span class='ocrx_word' id='word_1_144' title='bbox 1203 1019 1259 1048; x_wconf 90' lang='lat' dir='ltr'>est</span> 
     </span>
     <span class='ocr_line' id='line_1_19' title="bbox 138 1063 1259 1115; baseline 0.001 -14"><span class='ocrx_word' id='word_1_145' title='bbox 138 1064 274 1115; x_wconf 87' lang='lat' dir='ltr'>gloria,</span> <span class='ocrx_word' id='word_1_146' title='bbox 295 1064 474 1115; x_wconf 68' lang='lat' dir='ltr'>dignitas,</span> <span class='ocrx_word' id='word_1_147' title='bbox 496 1064 724 1114; x_wconf 81' lang='lat' dir='ltr'>amplitudo,</span> <span class='ocrx_word' id='word_1_148' title='bbox 745 1063 923 1102; x_wconf 88' lang='lat' dir='ltr'>amicitia.</span> <span class='ocrx_word' id='word_1_149' title='bbox 960 1063 1094 1102; x_wconf 83' lang='lat' dir='ltr'>Gloria</span> <span class='ocrx_word' id='word_1_150' title='bbox 1112 1070 1167 1102; x_wconf 89' lang='lat' dir='ltr'>est</span> <span class='ocrx_word' id='word_1_151' title='bbox 1184 1063 1259 1102; x_wconf 88' lang='lat' dir='ltr'>fre-</span> 
     </span>
     <span class='ocr_line' id='line_1_20' title="bbox 137 1117 1260 1168; baseline 0.002 -14"><span class='ocrx_word' id='word_1_152' title='bbox 137 1130 258 1168; x_wconf 81' lang='lat' dir='ltr'><strong>quens</strong></span> <span class='ocrx_word' id='word_1_153' title='bbox 277 1117 325 1155; x_wconf 89' lang='lat' dir='ltr'>de</span> <span class='ocrx_word' id='word_1_154' title='bbox 343 1118 473 1168; x_wconf 86' lang='lat' dir='ltr'>aliquo</span> <span class='ocrx_word' id='word_1_155' title='bbox 491 1118 595 1155; x_wconf 85' lang='lat' dir='ltr'>fama</span> <span class='ocrx_word' id='word_1_156' title='bbox 613 1130 703 1156; x_wconf 87' lang='lat' dir='ltr'>cum</span> <span class='ocrx_word' id='word_1_157' title='bbox 727 1117 867 1163; x_wconf 81' lang='lat' dir='ltr'>laude3</span> <span class='ocrx_word' id='word_1_158' title='bbox 897 1117 1076 1167; x_wconf 77' lang='lat' dir='ltr'>dignitas,</span> <span class='ocrx_word' id='word_1_159' title='bbox 1099 1117 1260 1167; x_wconf 86' lang='lat' dir='ltr'>alicujus</span> 
     </span>
     <span class='ocr_line' id='line_1_21' title="bbox 136 1171 1258 1221; baseline -0.001 -12"><span class='ocrx_word' id='word_1_160' title='bbox 136 1171 308 1219; x_wconf 84' lang='lat' dir='ltr'>honesta,</span> <span class='ocrx_word' id='word_1_161' title='bbox 343 1178 380 1209; x_wconf 88' lang='lat' dir='ltr'>et</span> <span class='ocrx_word' id='word_1_162' title='bbox 412 1172 518 1209; x_wconf 88' lang='lat' dir='ltr'>cultu</span> <span class='ocrx_word' id='word_1_163' title='bbox 555 1178 591 1209; x_wconf 89' lang='lat' dir='ltr'>et</span> <span class='ocrx_word' id='word_1_164' title='bbox 622 1171 765 1209; x_wconf 88' lang='lat' dir='ltr'>honore</span> <span class='ocrx_word' id='word_1_165' title='bbox 798 1178 835 1208; x_wconf 86' lang='lat' dir='ltr'>et</span> <span class='ocrx_word' id='word_1_166' title='bbox 869 1171 1096 1209; x_wconf 80' lang='lat' dir='ltr'>verecundia.</span> <span class='ocrx_word' id='word_1_167' title='bbox 1127 1171 1258 1221; x_wconf 80' lang='lat' dir='ltr'>digna,</span> 
     </span>
     <span class='ocr_line' id='line_1_22' title="bbox 138 1224 1260 1285; baseline 0.001 -23"><span class='ocrx_word' id='word_1_168' title='bbox 138 1224 628 1285; x_wconf 77' lang='lat' dir='ltr'>auctorita33a1nplitudo,</span> <span class='ocrx_word' id='word_1_169' title='bbox 648 1224 826 1275; x_wconf 86' lang='lat' dir='ltr'>potentiae</span> <span class='ocrx_word' id='word_1_170' title='bbox 851 1231 919 1262; x_wconf 90' lang='lat' dir='ltr'>aut</span> <span class='ocrx_word' id='word_1_171' title='bbox 942 1224 1165 1274; x_wconf 85' lang='lat' dir='ltr'>majestatis,</span> <span class='ocrx_word' id='word_1_172' title='bbox 1193 1232 1260 1263; x_wconf 80' lang='lat' dir='ltr'>aut</span> 
     </span>
     <span class='ocr_line' id='line_1_23' title="bbox 137 1278 1258 1329; baseline 0.001 -14"><span class='ocrx_word' id='word_1_173' title='bbox 137 1278 356 1329; x_wconf 84' lang='lat' dir='ltr'>aliquarum</span> <span class='ocrx_word' id='word_1_174' title='bbox 380 1279 590 1329; x_wconf 87' lang='lat' dir='ltr'>copiarum,</span> <span class='ocrx_word' id='word_1_175' title='bbox 618 1291 761 1329; x_wconf 87' lang='lat' dir='ltr'>magna</span> <span class='ocrx_word' id='word_1_176' title='bbox 786 1278 1046 1323; x_wconf 86' lang='lat' dir='ltr'>abundantia;</span> <span class='ocrx_word' id='word_1_177' title='bbox 1076 1278 1258 1327; x_wconf 85' lang='lat' dir='ltr'>amicitia,</span> 
     </span>
     <span class='ocr_line' id='line_1_24' title="bbox 140 1332 1260 1383; baseline -0.001 -13"><span class='ocrx_word' id='word_1_178' title='bbox 140 1332 316 1370; x_wconf 87' lang='lat' dir='ltr'>voluntas</span> <span class='ocrx_word' id='word_1_179' title='bbox 336 1345 425 1382; x_wconf 85' lang='lat' dir='ltr'>erga</span> <span class='ocrx_word' id='word_1_180' title='bbox 444 1332 612 1383; x_wconf 85' lang='lat' dir='ltr'>aliquem</span> <span class='ocrx_word' id='word_1_181' title='bbox 637 1345 766 1370; x_wconf 87' lang='lat' dir='ltr'>rerum</span> <span class='ocrx_word' id='word_1_182' title='bbox 788 1334 992 1380; x_wconf 85' lang='lat' dir='ltr'>bonarum,</span> <span class='ocrx_word' id='word_1_183' title='bbox 1011 1332 1115 1370; x_wconf 90' lang='lat' dir='ltr'>illius</span> <span class='ocrx_word' id='word_1_184' title='bbox 1140 1332 1260 1383; x_wconf 90' lang='lat' dir='ltr'>ipsius</span> 
     </span>
     <span class='ocr_line' id='line_1_25' title="bbox 139 1385 1258 1438; baseline -0.001 -15"><span class='ocrx_word' id='word_1_185' title='bbox 139 1398 269 1434; x_wconf 81' lang='lat' dir='ltr'>causa,</span> <span class='ocrx_word' id='word_1_186' title='bbox 290 1399 407 1437; x_wconf 89' lang='lat' dir='ltr'>quem</span> <span class='ocrx_word' id='word_1_187' title='bbox 426 1385 564 1436; x_wconf 77' lang='lat' dir='ltr'>diligit,</span> <span class='ocrx_word' id='word_1_188' title='bbox 586 1398 674 1423; x_wconf 91' lang='lat' dir='ltr'>cum</span> <span class='ocrx_word' id='word_1_189' title='bbox 701 1387 782 1435; x_wconf 92' lang='lat' dir='ltr'>ejus</span> <span class='ocrx_word' id='word_1_190' title='bbox 808 1386 892 1438; x_wconf 88' lang='lat' dir='ltr'>pari</span> <span class='ocrx_word' id='word_1_191' title='bbox 914 1387 1119 1424; x_wconf 78' lang='lat' dir='ltr'>voluntate.</span> <span class='ocrx_word' id='word_1_192' title='bbox 1163 1386 1258 1434; x_wconf 77' lang='lat' dir='ltr'>Hie,</span> 
     </span>
     <span class='ocr_line' id='line_1_26' title="bbox 139 1439 1263 1490; baseline 0.001 -14"><span class='ocrx_word' id='word_1_193' title='bbox 139 1439 232 1490; x_wconf 90' lang='lat' dir='ltr'>quia</span> <span class='ocrx_word' id='word_1_194' title='bbox 250 1439 298 1477; x_wconf 86' lang='lat' dir='ltr'>de</span> <span class='ocrx_word' id='word_1_195' title='bbox 317 1439 490 1478; x_wconf 87' lang='lat' dir='ltr'>civilibus</span> <span class='ocrx_word' id='word_1_196' title='bbox 510 1439 631 1477; x_wconf 86' lang='lat' dir='ltr'>causis</span> <span class='ocrx_word' id='word_1_197' title='bbox 649 1439 860 1490; x_wconf 87' lang='lat' dir='ltr'>loquimur,</span> <span class='ocrx_word' id='word_1_198' title='bbox 882 1439 1028 1477; x_wconf 88' lang='lat' dir='ltr'>fructus</span> <span class='ocrx_word' id='word_1_199' title='bbox 1054 1439 1104 1477; x_wconf 86' lang='lat' dir='ltr'>ad</span> <span class='ocrx_word' id='word_1_200' title='bbox 1129 1439 1263 1477; x_wconf 87' lang='lat' dir='ltr'>amici-</span> 
     </span>
     <span class='ocr_line' id='line_1_27' title="bbox 140 1493 1261 1544; baseline 0.001 -14"><span class='ocrx_word' id='word_1_201' title='bbox 140 1493 234 1531; x_wconf 85' lang='lat' dir='ltr'>tiam</span> <span class='ocrx_word' id='word_1_202' title='bbox 259 1493 521 1543; x_wconf 83' lang='lat' dir='ltr'>adjungimus,</span> <span class='ocrx_word' id='word_1_203' title='bbox 546 1500 590 1530; x_wconf 91' lang='lat' dir='ltr'>ut</span> <span class='ocrx_word' id='word_1_204' title='bbox 617 1506 749 1531; x_wconf 87' lang='lat' dir='ltr'>eorum</span> <span class='ocrx_word' id='word_1_205' title='bbox 777 1506 930 1544; x_wconf 91' lang='lat' dir='ltr'>quoque</span> <span class='ocrx_word' id='word_1_206' title='bbox 957 1493 1071 1531; x_wconf 62' lang='lat' dir='ltr'>causa</span> <span class='ocrx_word' id='word_1_207' title='bbox 1097 1493 1261 1544; x_wconf 85' lang='lat' dir='ltr'>petenda</span> 
     </span>
     <span class='ocr_line' id='line_1_28' title="bbox 140 1546 1261 1597; baseline 0.002 -14"><span class='ocrx_word' id='word_1_208' title='bbox 140 1546 338 1591; x_wconf 87' lang='lat' dir='ltr'>videatur;</span> <span class='ocrx_word' id='word_1_209' title='bbox 368 1559 416 1584; x_wconf 89' lang='lat' dir='ltr'>ne</span> <span class='ocrx_word' id='word_1_210' title='bbox 442 1547 551 1594; x_wconf 87' lang='lat' dir='ltr'>forte,</span> <span class='ocrx_word' id='word_1_211' title='bbox 572 1547 640 1597; x_wconf 90' lang='lat' dir='ltr'>qui</span> <span class='ocrx_word' id='word_1_212' title='bbox 665 1559 732 1585; x_wconf 93' lang='lat' dir='ltr'>nos</span> <span class='ocrx_word' id='word_1_213' title='bbox 758 1546 805 1584; x_wconf 90' lang='lat' dir='ltr'>de</span> <span class='ocrx_word' id='word_1_214' title='bbox 828 1546 934 1585; x_wconf 90' lang='lat' dir='ltr'>omni</span> <span class='ocrx_word' id='word_1_215' title='bbox 952 1547 1120 1585; x_wconf 60' lang='lat' dir='ltr'>amicitia</span> <span class='ocrx_word' id='word_1_216' title='bbox 1139 1547 1261 1585; x_wconf 80' lang='lat' dir='ltr'>dicexe</span> 
     </span>
     <span class='ocr_line' id='line_1_29' title="bbox 142 1599 1260 1652; baseline 0.001 -15"><span class='ocrx_word' id='word_1_217' title='bbox 142 1599 375 1648; x_wconf 77' lang='lat' dir='ltr'>existiment,</span> <span class='ocrx_word' id='word_1_218' title='bbox 391 1600 662 1651; x_wconf 81' lang='lat' dir='ltr'>reprehendere</span> <span class='ocrx_word' id='word_1_219' title='bbox 676 1600 878 1651; x_wconf 86' lang='lat' dir='ltr'>incipiant:</span> <span class='ocrx_word' id='word_1_220' title='bbox 904 1613 1141 1652; x_wconf 86' lang='lat' dir='ltr'>quamquam</span> <span class='ocrx_word' id='word_1_221' title='bbox 1156 1608 1260 1649; x_wconf 90' lang='lat' dir='ltr'>sunt,</span> 
     </span>
     <span class='ocr_line' id='line_1_30' title="bbox 139 1653 1259 1705; baseline 0.002 -15"><span class='ocrx_word' id='word_1_222' title='bbox 139 1653 208 1704; x_wconf 92' lang='lat' dir='ltr'>qui</span> <span class='ocrx_word' id='word_1_223' title='bbox 226 1660 379 1704; x_wconf 89' lang='lat' dir='ltr'>propter</span> <span class='ocrx_word' id='word_1_224' title='bbox 397 1653 604 1691; x_wconf 84' lang='lat' dir='ltr'>utilitatem</span> <span class='ocrx_word' id='word_1_225' title='bbox 622 1653 738 1691; x_wconf 85' lang='lat' dir='ltr'>modo</span> <span class='ocrx_word' id='word_1_226' title='bbox 755 1653 960 1705; x_wconf 78' lang='lat' dir='ltr'>petendam</span> <span class='ocrx_word' id='word_1_227' title='bbox 978 1661 1115 1705; x_wconf 88' lang='lat' dir='ltr'>putent</span> <span class='ocrx_word' id='word_1_228' title='bbox 1128 1653 1259 1692; x_wconf 85' lang='lat' dir='ltr'>amici-</span> 
     </span>
     <span class='ocr_line' id='line_1_31' title="bbox 143 1706 1262 1758; baseline 0.002 -15"><span class='ocrx_word' id='word_1_229' title='bbox 143 1706 261 1744; x_wconf 85' lang='lat' dir='ltr'>tiam:</span> <span class='ocrx_word' id='word_1_230' title='bbox 293 1714 382 1744; x_wconf 90' lang='lat' dir='ltr'>sunt</span> <span class='ocrx_word' id='word_1_231' title='bbox 408 1707 476 1757; x_wconf 89' lang='lat' dir='ltr'>qui</span> <span class='ocrx_word' id='word_1_232' title='bbox 500 1714 654 1757; x_wconf 88' lang='lat' dir='ltr'>propter</span> <span class='ocrx_word' id='word_1_233' title='bbox 679 1720 718 1745; x_wconf 89' lang='lat' dir='ltr'>se</span> <span class='ocrx_word' id='word_1_234' title='bbox 737 1708 885 1745; x_wconf 82' lang='lat' dir='ltr'>solum:</span> <span class='ocrx_word' id='word_1_235' title='bbox 916 1715 1005 1745; x_wconf 89' lang='lat' dir='ltr'>sunt</span> <span class='ocrx_word' id='word_1_236' title='bbox 1023 1707 1091 1758; x_wconf 91' lang='lat' dir='ltr'>qui</span> <span class='ocrx_word' id='word_1_237' title='bbox 1109 1714 1262 1758; x_wconf 87' lang='lat' dir='ltr'>propter</span> 
     </span>
     <span class='ocr_line' id='line_1_32' title="bbox 140 1760 1259 1811; baseline 0 -13"><span class='ocrx_word' id='word_1_238' title='bbox 140 1773 193 1808; x_wconf 89' lang='lat' dir='ltr'>se,</span> <span class='ocrx_word' id='word_1_239' title='bbox 215 1767 252 1798; x_wconf 91' lang='lat' dir='ltr'>et</span> <span class='ocrx_word' id='word_1_240' title='bbox 270 1760 498 1797; x_wconf 87' lang='lat' dir='ltr'>utilitatem:</span> <span class='ocrx_word' id='word_1_241' title='bbox 530 1773 696 1811; x_wconf 87' lang='lat' dir='ltr'>quorum</span> <span class='ocrx_word' id='word_1_242' title='bbox 716 1760 809 1811; x_wconf 91' lang='lat' dir='ltr'>quid</span> <span class='ocrx_word' id='word_1_243' title='bbox 837 1760 1028 1798; x_wconf 87' lang='lat' dir='ltr'>verissime</span> <span class='ocrx_word' id='word_1_244' title='bbox 1054 1761 1259 1798; x_wconf 81' lang='lat' dir='ltr'>constitua-</span> 
     </span>
     <span class='ocr_line' id='line_1_33' title="bbox 143 1813 1261 1863; baseline 0.001 -12"><span class='ocrx_word' id='word_1_245' title='bbox 143 1821 222 1863; x_wconf 87' lang='lat' dir='ltr'>tur,</span> <span class='ocrx_word' id='word_1_246' title='bbox 250 1813 347 1851; x_wconf 89' lang='lat' dir='ltr'>alius</span> <span class='ocrx_word' id='word_1_247' title='bbox 372 1814 477 1851; x_wconf 90' lang='lat' dir='ltr'>locus</span> <span class='ocrx_word' id='word_1_248' title='bbox 503 1814 573 1851; x_wconf 82' lang='lat' dir='ltr'>erit</span> <span class='ocrx_word' id='word_1_249' title='bbox 597 1814 868 1851; x_wconf 72' lang='lat' dir='ltr'>considerandi.</span> <span class='ocrx_word' id='word_1_250' title='bbox 911 1814 1029 1851; x_wconf 89' lang='lat' dir='ltr'>Nunc</span> <span class='ocrx_word' id='word_1_251' title='bbox 1050 1814 1122 1852; x_wconf 87' lang='lat' dir='ltr'>hoe</span> <span class='ocrx_word' id='word_1_252' title='bbox 1141 1814 1192 1852; x_wconf 85' lang='lat' dir='ltr'>sic</span> <span class='ocrx_word' id='word_1_253' title='bbox 1211 1814 1261 1852; x_wconf 83' lang='lat' dir='ltr'>ad</span> 
     </span>
     <span class='ocr_line' id='line_1_34' title="bbox 144 1867 1261 1918; baseline 0.001 -14"><span class='ocrx_word' id='word_1_254' title='bbox 144 1880 259 1905; x_wconf 90' lang='lat' dir='ltr'>usum</span> <span class='ocrx_word' id='word_1_255' title='bbox 278 1867 485 1905; x_wconf 86' lang='lat' dir='ltr'>oratorium</span> <span class='ocrx_word' id='word_1_256' title='bbox 504 1867 753 1918; x_wconf 86' lang='lat' dir='ltr'>relinquatur,</span> <span class='ocrx_word' id='word_1_257' title='bbox 773 1875 978 1918; x_wconf 88' lang='lat' dir='ltr'>utramque</span> <span class='ocrx_word' id='word_1_258' title='bbox 1001 1875 1155 1918; x_wconf 88' lang='lat' dir='ltr'>propter</span> <span class='ocrx_word' id='word_1_259' title='bbox 1179 1881 1261 1906; x_wconf 86' lang='lat' dir='ltr'>rem</span> 
     </span>
     <span class='ocr_line' id='line_1_35' title="bbox 143 1920 1262 1971; baseline 0.001 -13"><span class='ocrx_word' id='word_1_260' title='bbox 143 1920 354 1958; x_wconf 86' lang='lat' dir='ltr'>amicitiam</span> <span class='ocrx_word' id='word_1_261' title='bbox 373 1933 451 1959; x_wconf 81' lang='lat' dir='ltr'>esse</span> <span class='ocrx_word' id='word_1_262' title='bbox 470 1920 733 1971; x_wconf 82' lang='lat' dir='ltr'>expetendam.</span> <span class='ocrx_word' id='word_1_263' title='bbox 762 1921 1035 1958; x_wconf 77' lang='lat' dir='ltr'>Aniicitiarum</span> <span class='ocrx_word' id='word_1_264' title='bbox 1054 1928 1183 1959; x_wconf 86' lang='lat' dir='ltr'>autem</span> <span class='ocrx_word' id='word_1_265' title='bbox 1202 1934 1262 1959; x_wconf 90' lang='lat' dir='ltr'>ra-</span> 
     </span>
     <span class='ocr_line' id='line_1_36' title="bbox 145 1974 1261 2026; baseline 0.001 -14"><span class='ocrx_word' id='word_1_266' title='bbox 145 1974 199 2012; x_wconf 90' lang='lat' dir='ltr'>tio</span> <span class='ocrx_word' id='word_1_267' title='bbox 218 1974 419 2026; x_wconf 83' lang='lat' dir='ltr'>(quoniam</span> <span class='ocrx_word' id='word_1_268' title='bbox 432 1974 572 2025; x_wconf 84' lang='lat' dir='ltr'>partim</span> <span class='ocrx_word' id='word_1_269' title='bbox 587 1980 676 2012; x_wconf 90' lang='lat' dir='ltr'>sunt</span> <span class='ocrx_word' id='word_1_270' title='bbox 689 1974 934 2024; x_wconf 83' lang='lat' dir='ltr'>religionibus</span> <span class='ocrx_word' id='word_1_271' title='bbox 948 1975 1105 2024; x_wconf 82' lang='lat' dir='ltr'>junctae,</span> <span class='ocrx_word' id='word_1_272' title='bbox 1121 1975 1261 2026; x_wconf 87' lang='lat' dir='ltr'>partim</span> 
     </span>
     <span class='ocr_line' id='line_1_37' title="bbox 145 2027 1260 2081; baseline 0.001 -16"><span class='ocrx_word' id='word_1_273' title='bbox 145 2039 224 2065; x_wconf 90' lang='lat' dir='ltr'>non</span> <span class='ocrx_word' id='word_1_274' title='bbox 243 2035 346 2076; x_wconf 89' lang='lat' dir='ltr'>sunt,</span> <span class='ocrx_word' id='word_1_275' title='bbox 367 2035 404 2066; x_wconf 86' lang='lat' dir='ltr'>et</span> <span class='ocrx_word' id='word_1_276' title='bbox 423 2027 514 2079; x_wconf 88' lang='lat' dir='ltr'>quia</span> <span class='ocrx_word' id='word_1_277' title='bbox 531 2027 671 2079; x_wconf 84' lang='lat' dir='ltr'>partim</span> <span class='ocrx_word' id='word_1_278' title='bbox 692 2035 832 2066; x_wconf 88' lang='lat' dir='ltr'>veteres</span> <span class='ocrx_word' id='word_1_279' title='bbox 855 2035 958 2076; x_wconf 83' lang='lat' dir='ltr'>sunt,</span> <span class='ocrx_word' id='word_1_280' title='bbox 978 2028 1118 2079; x_wconf 85' lang='lat' dir='ltr'>partim</span> <span class='ocrx_word' id='word_1_281' title='bbox 1137 2041 1260 2081; x_wconf 78' lang='lat' dir='ltr'>novae,</span> 
     </span>
     <span class='ocr_line' id='line_1_38' title="bbox 145 2081 1260 2133; baseline 0.001 -14"><span class='ocrx_word' id='word_1_282' title='bbox 145 2081 287 2132; x_wconf 90' lang='lat' dir='ltr'>partim</span> <span class='ocrx_word' id='word_1_283' title='bbox 312 2083 360 2120; x_wconf 85' lang='lat' dir='ltr'>ab</span> <span class='ocrx_word' id='word_1_284' title='bbox 385 2081 554 2128; x_wconf 87' lang='lat' dir='ltr'>illorum,</span> <span class='ocrx_word' id='word_1_285' title='bbox 575 2081 714 2133; x_wconf 88' lang='lat' dir='ltr'>partim</span> <span class='ocrx_word' id='word_1_286' title='bbox 741 2083 789 2119; x_wconf 87' lang='lat' dir='ltr'>ab</span> <span class='ocrx_word' id='word_1_287' title='bbox 816 2089 942 2120; x_wconf 89' lang='lat' dir='ltr'>nostro</span> <span class='ocrx_word' id='word_1_288' title='bbox 967 2081 1149 2120; x_wconf 84' lang='lat' dir='ltr'>beneficio</span> <span class='ocrx_word' id='word_1_289' title='bbox 1173 2094 1260 2133; x_wconf 89' lang='lat' dir='ltr'>pro-</span> 
     </span>
     <span class='ocr_line' id='line_1_39' title="bbox 149 2134 1263 2187; baseline 0 -14"><span class='ocrx_word' id='word_1_290' title='bbox 149 2135 270 2185; x_wconf 84' lang='lat' dir='ltr'>fectae,</span> <span class='ocrx_word' id='word_1_291' title='bbox 290 2134 431 2187; x_wconf 78' lang='lat' dir='ltr'>partim</span> <span class='ocrx_word' id='word_1_292' title='bbox 449 2134 631 2184; x_wconf 83' lang='lat' dir='ltr'>utiliores,</span> <span class='ocrx_word' id='word_1_293' title='bbox 652 2134 792 2186; x_wconf 87' lang='lat' dir='ltr'>partim</span> <span class='ocrx_word' id='word_1_294' title='bbox 811 2135 939 2174; x_wconf 86' lang='lat' dir='ltr'>minus</span> <span class='ocrx_word' id='word_1_295' title='bbox 961 2134 1088 2183; x_wconf 85' lang='lat' dir='ltr'>utiles)</span> <span class='ocrx_word' id='word_1_296' title='bbox 1108 2148 1155 2173; x_wconf 88' lang='lat' dir='ltr'>ex</span> <span class='ocrx_word' id='word_1_297' title='bbox 1174 2148 1263 2174; x_wconf 83' lang='lat' dir='ltr'>cau-</span> 
     </span>
    </p>
   </div>
  </div>
 </body>
</html>
