1429 2344
164 70 216 108 38
270 65 348 107 DE
379 67 766 117 INVENTIONE,
798 67 895 108 Lm.
918 69 952 107 Ι.
983 69 1166 114 ΟΛΡ.37.

162 176 375 229 complexio
397 184 656 229 consequetur.
697 176 768 214 Est
795 177 911 227 igitur
937 177 1112 228 quaedam
1138 188 1276 228 propo·

163 231 262 279 sitio,
304 244 391 282 quae
428 243 504 268 non
540 230 685 280 indiget
722 231 1022 281 approbatione:
1069 243 1161 268 nam
1197 243 1276 268 esse

165 284 388 336 quamdam,
427 297 513 335 quae
549 284 730 334 indigeat,
768 284 862 335 quid
897 284 1030 322 attinet
1066 283 1273 331 ostendere,

164 339 268 390 quod
286 338 404 376 cuivis
421 338 531 375 facile
548 338 791 388 perspicuum
811 339 897 375 est?
938 337 1056 384 Quod
1081 337 1112 375 si
1133 338 1187 375 ita
1205 344 1274 385 est,

163 406 212 431 ex
232 393 318 440 hoc,
346 400 383 429 et
408 405 455 429 ex
479 404 523 429 eo
549 391 651 442 quod
675 403 1003 441 proposueramus,
1030 392 1101 429 hoc
1125 390 1276 430 oonfici-

162 453 238 493 tur,
267 452 481 496 separatum
508 458 585 483 esse
611 445 794 496 quiddam
821 459 844 482 a
867 445 1120 495 propositione
1138 458 1274 495 appro-

160 500 364 538 bationem.
395 499 437 537 Si
455 506 583 536 autem
602 498 655 536 ita
674 506 741 545 est,
762 499 902 536 falsum
923 506 978 536 est
996 512 1072 536 non
1092 512 1169 536 esse
1187 499 1274 549 plus

159 566 278 604 quam
297 552 522 602 tripertitam
541 553 935 602 argumentationem.s
949 553 1074 590 Simili
1095 552 1209 590 modo
1226 552 1275 588 li-

159 613 265 657 quet,
285 606 443 643 alteram
462 619 615 656 quoque
634 606 943 656 approbationem
962 613 1172 656 separatam
1195 618 1274 643 esse

159 662 209 698 ab
232 659 485 697 assumtione:
517 659 558 697 Si
584 660 752 710 quadam
777 659 817 696 in
842 659 1167 710 argumentatione
1186 658 1274 696 satis

162 721 218 752 est
242 713 300 750 uti
325 713 568 760 assumtione,
597 721 633 751 et
654 726 731 750 non
750 719 896 763 oportet
914 713 1119 763 adjungere
1138 725 1274 763 appro-

159 767 353 805 bationem
379 766 625 811 assumtioni3
661 766 828 817 quadam
855 774 982 803 autem
1007 767 1048 803 in
1071 778 1274 816 argumen-

158 821 299 858 tatione
317 819 469 857 infirma
488 827 542 858 est
559 820 754 868 assumtio,
774 820 847 857 nisi
872 820 1051 868 adjuncta
1072 820 1119 857 sit
1137 832 1274 870 appro-

159 873 289 919 bati03
330 880 545 924 separatum
574 873 757 925 quiddam
788 880 842 910 est
870 880 976 910 extra
1001 873 1273 911 assumtionem

159 927 392 978 approbatio.
439 927 512 965 Est
544 935 672 965 autem
701 927 978 976 argumentatio
1008 926 1199 978 quaedam,
1231 927 1273 965 in

160 981 238 1032 qua
267 979 449 1018 assumtio
478 992 555 1018 non
584 980 728 1031 indiget
756 980 1061 1031 approbationisg
1095 980 1273 1031 quaedam

160 1041 303 1081 autem,
331 1034 371 1071 in
391 1034 469 1084 qua
487 1033 583 1071 nihil
603 1034 701 1071 valet
728 1033 807 1072 sine
833 1034 1116 1084 approbatione,
1144 1041 1189 1071 ut
1212 1046 1271 1071 os-

157 1087 380 1126 tendemus:
411 1095 581 1138 separata
606 1094 661 1125 est
679 1087 794 1137 igitur
813 1089 860 1125 ab
880 1087 1109 1125 assumtione
1134 1100 1271 1138 appro-

157 1141 272 1179 batio.
313 1140 569 1179 Ostendemus
596 1148 724 1178 autem
749 1141 802 1189 id,
824 1141 926 1191 quod
945 1141 1103 1191 polliciti
1122 1154 1269 1189 sumus,

157 1195 230 1233 hoc
243 1194 381 1232 modo:
409 1194 509 1241 Quae
520 1195 758 1245 perspicuam
773 1195 951 1232 omnibus
968 1195 1164 1232 veritatem
1183 1206 1271 1232 eon-

157 1249 252 1286 tinet
278 1248 474 1295 assumtio,
504 1248 601 1285 nihil
627 1249 771 1299 indiget
798 1247 1103 1299 approbationis:
1144 1261 1189 1286 ea
1215 1256 1270 1286 est

157 1301 402 1351 hujusmodi:
434 1301 475 1339 Si
494 1310 640 1352 oportet
657 1315 799 1353 sapere,
820 1301 909 1339 dare
927 1314 1081 1352 operam
1104 1301 1270 1352 philoso-

156 1355 258 1406 phiae
269 1355 453 1393 convenit.
484 1355 580 1393 Haec
591 1355 794 1406 propositio
808 1355 952 1405 indiget
966 1355 1267 1415 approbationis.

154 1421 232 1446 non
257 1409 360 1447 enim
378 1408 576 1460 perspicua
599 1417 666 1458 est,
687 1422 811 1460 neque
833 1416 977 1447 constat
998 1409 1097 1446 inter
1122 1421 1268 1457 omnes,

153 1470 352 1513 propterea
378 1462 482 1523 quod
507 1463 622 1500 multi
648 1463 745 1500 nihil
771 1463 945 1514 prodesse
971 1462 1266 1513 philosophiam,

152 1516 325 1567 plerique
354 1516 468 1554 etiam
497 1518 638 1564 obesse,
673 1517 913 1554 arbitrantur.
955 1516 1156 1554 Assumtio
1183 1529 1269 1567 per-

153 1569 284 1620 spicua
307 1576 362 1607 est
383 1569 488 1608 haec.
519 1569 681 1620 Oportet
703 1577 831 1608 autem
850 1582 991 1621 sapere.
1032 1569 1120 1607 Hoc
1138 1577 1267 1607 autem

153 1623 246 1674 quia
263 1623 391 1674 ipsum
406 1636 452 1661 ex
471 1636 511 1661 re
529 1624 765 1674 perspicitur,
786 1631 823 1662 et
842 1636 975 1662 verum
994 1636 1072 1661 esse
1089 1623 1269 1673 intelligi-

151 1683 228 1724 tur,
260 1677 357 1714 nihil
384 1676 518 1714 attinet
544 1678 755 1728 approbari.
803 1677 935 1724 Quare
961 1676 1088 1715 statim
1116 1677 1269 1714 conclu-

153 1729 278 1768 denda
296 1737 351 1768 est
369 1731 669 1791 argumentatio.
701 1731 827 1781 Igitur
852 1731 941 1769 dare
965 1743 1119 1781 operam
1141 1730 1267 1781 philo-

152 1784 296 1834 sophiae
325 1784 508 1822 convenit.
548 1784 620 1822 Est
647 1798 735 1835 ergo
761 1784 942 1823 assumtio
963 1783 1154 1835 quaedam,
1179 1797 1266 1835 quae

153 1837 434 1888 approbationis
460 1850 537 1875 non
562 1838 730 1888 indiget.
760 1851 851 1876 nam
870 1837 1078 1890 quamdam
1097 1837 1267 1899 indigere

153 1891 398 1942 perspicuum
427 1898 493 1929 est.
537 1891 716 1942 Separata
741 1899 796 1930 est
820 1892 937 1943 igitur
962 1892 1010 1930 ab
1036 1891 1266 1929 assumtione

153 1945 387 1996 approbatio.
427 1944 586 1982 Falsum
612 1958 701 1995 ergo
727 1953 795 1994 est,
825 1958 904 1984 non
930 1958 1008 1984 esse
1032 1944 1120 1996 plus
1145 1957 1264 1996 quam

153 1998 379 2049 tripertitam
398 1999 777 2048 argumentationem.

207 2051 434 2090 XXXVII.
469 2052 603 2103 Atque
630 2065 678 2090 ex
704 2052 764 2091 his
790 2052 888 2090 illud
911 2053 994 2114 jam
1020 2051 1264 2103 perspicuum

152 2114 222 2153 est,
242 2118 320 2143 esse
339 2104 547 2156 quamdam
566 2106 948 2156 argumentationem,
975 2106 1017 2144 in
1045 2105 1123 2158 qua
1140 2117 1266 2156 neque

151 2159 356 2212 propositio
388 2171 512 2210 neque
547 2160 729 2199 assumtio
764 2159 933 2212 indigeat
967 2158 1262 2212 approbationis,
