<?xml version="1.0" encoding="UTF-8"?>
<!DOCTYPE html PUBLIC "-//W3C//DTD XHTML 1.0 Transitional//EN"
    "http://www.w3.org/TR/xhtml1/DTD/xhtml1-transitional.dtd">
<html xmlns="http://www.w3.org/1999/xhtml" xml:lang="en" lang="en">
 <head>
  <title>
</title>
<meta http-equiv="Content-Type" content="text/html;charset=utf-8" />
  <meta name='ocr-system' content='tesseract 3.04.00' />
  <meta name='ocr-capabilities' content='ocr_page ocr_carea ocr_par ocr_line ocrx_word'/>
</head>
<body>
  <div class='ocr_page' id='page_1' title='image "./operaern01ciceuoft_0425.png"; bbox 0 0 1407 2324; ppageno 0'>
   <div class='ocr_carea' id='block_1_1' title="bbox 235 89 1270 139">
    <p class='ocr_par' dir='ltr' id='par_1_1' title="bbox 235 89 1270 139">
     <span class='ocr_line' id='line_1_1' title="bbox 235 89 1270 139; baseline -0.006 -8"><span class='ocrx_word' id='word_1_1' title='bbox 235 91 311 132; x_wconf 83' lang='lat' dir='ltr'>DE</span> <span class='ocrx_word' id='word_1_2' title='bbox 331 92 538 132; x_wconf 85' lang='lat' dir='ltr'><strong>CLARIS</strong></span> <span class='ocrx_word' id='word_1_3' title='bbox 558 90 953 139; x_wconf 85' lang='lat' dir='ltr'>ORATORIBUS,</span> <span class='ocrx_word' id='word_1_4' title='bbox 974 89 1079 130; x_wconf 77' lang='lat' dir='ltr'>CAP.</span> <span class='ocrx_word' id='word_1_5' title='bbox 1100 92 1163 127; x_wconf 81' lang='lat'>55.</span> <span class='ocrx_word' id='word_1_6' title='bbox 1194 89 1270 132; x_wconf 82' lang='lat'>407</span> 
     </span>
    </p>
   </div>
   <div class='ocr_carea' id='block_1_2' title="bbox 168 196 1288 2216">
    <p class='ocr_par' dir='ltr' id='par_1_2' title="bbox 168 196 1278 1153">
     <span class='ocr_line' id='line_1_2' title="bbox 168 196 1273 250; baseline -0.003 -14"><span class='ocrx_word' id='word_1_7' title='bbox 168 199 347 245; x_wconf 83' lang='lat' dir='ltr'>cernitur,</span> <span class='ocrx_word' id='word_1_8' title='bbox 377 200 470 250; x_wconf 92' lang='lat' dir='ltr'>quid</span> <span class='ocrx_word' id='word_1_9' title='bbox 491 199 693 238; x_wconf 85' lang='lat' dir='ltr'><strong>tractandis</strong></span> <span class='ocrx_word' id='word_1_10' title='bbox 711 197 769 236; x_wconf 92' lang='lat' dir='ltr'>his</span> <span class='ocrx_word' id='word_1_11' title='bbox 788 197 956 249; x_wconf 88' lang='lat' dir='ltr'>perficiat</span> <span class='ocrx_word' id='word_1_12' title='bbox 969 204 1105 235; x_wconf 90' lang='lat' dir='ltr'>orator.</span> <span class='ocrx_word' id='word_1_13' title='bbox 1137 196 1273 246; x_wconf 88' lang='lat' dir='ltr'>Itaque</span> 
     </span>
     <span class='ocr_line' id='line_1_3' title="bbox 169 251 1275 302; baseline -0.003 -13"><span class='ocrx_word' id='word_1_14' title='bbox 169 251 381 302; x_wconf 86' lang='lat' dir='ltr'>intelligens</span> <span class='ocrx_word' id='word_1_15' title='bbox 407 253 555 290; x_wconf 87' lang='lat' dir='ltr'>dicendi</span> <span class='ocrx_word' id='word_1_16' title='bbox 584 252 831 298; x_wconf 87' lang='lat' dir='ltr'>existimator,</span> <span class='ocrx_word' id='word_1_17' title='bbox 862 264 937 289; x_wconf 91' lang='lat' dir='ltr'>non</span> <span class='ocrx_word' id='word_1_18' title='bbox 968 251 1132 289; x_wconf 86' lang='lat' dir='ltr'>assidens</span> <span class='ocrx_word' id='word_1_19' title='bbox 1157 257 1193 287; x_wconf 91' lang='lat' dir='ltr'>et</span> <span class='ocrx_word' id='word_1_20' title='bbox 1218 257 1275 286; x_wconf 90' lang='lat' dir='ltr'>at-</span> 
     </span>
     <span class='ocr_line' id='line_1_4' title="bbox 170 302 1273 356; baseline -0.003 -14"><span class='ocrx_word' id='word_1_21' title='bbox 170 312 272 343; x_wconf 86' lang='lat' dir='ltr'>tente</span> <span class='ocrx_word' id='word_1_22' title='bbox 301 305 471 353; x_wconf 86' lang='lat' dir='ltr'>audiens,</span> <span class='ocrx_word' id='word_1_23' title='bbox 499 306 563 343; x_wconf 88' lang='lat' dir='ltr'>sed</span> <span class='ocrx_word' id='word_1_24' title='bbox 587 319 664 343; x_wconf 90' lang='lat' dir='ltr'>uno</span> <span class='ocrx_word' id='word_1_25' title='bbox 691 305 882 356; x_wconf 88' lang='lat' dir='ltr'>adspectu,</span> <span class='ocrx_word' id='word_1_26' title='bbox 910 312 946 342; x_wconf 91' lang='lat' dir='ltr'>et</span> <span class='ocrx_word' id='word_1_27' title='bbox 971 304 1198 355; x_wconf 85' lang='lat' dir='ltr'>praeteriens,</span> <span class='ocrx_word' id='word_1_28' title='bbox 1226 302 1273 339; x_wconf 88' lang='lat' dir='ltr'>de</span> 
     </span>
     <span class='ocr_line' id='line_1_5' title="bbox 171 356 1275 409; baseline -0.003 -13"><span class='ocrx_word' id='word_1_29' title='bbox 171 365 317 396; x_wconf 84' lang='lat' dir='ltr'>oratore</span> <span class='ocrx_word' id='word_1_30' title='bbox 336 372 434 409; x_wconf 87' lang='lat' dir='ltr'>saepe</span> <span class='ocrx_word' id='word_1_31' title='bbox 449 359 605 408; x_wconf 85' lang='lat' dir='ltr'>judicat.</span> <span class='ocrx_word' id='word_1_32' title='bbox 648 359 765 396; x_wconf 86' lang='lat' dir='ltr'><strong>Videt</strong></span> <span class='ocrx_word' id='word_1_33' title='bbox 784 359 999 396; x_wconf 86' lang='lat' dir='ltr'>oscitantem</span> <span class='ocrx_word' id='word_1_34' title='bbox 1018 357 1199 406; x_wconf 86' lang='lat' dir='ltr'>judicem,</span> <span class='ocrx_word' id='word_1_35' title='bbox 1219 356 1275 393; x_wconf 90' lang='lat' dir='ltr'>lo-</span> 
     </span>
     <span class='ocr_line' id='line_1_6' title="bbox 172 409 1276 462; baseline -0.002 -14"><span class='ocrx_word' id='word_1_36' title='bbox 172 419 353 462; x_wconf 90' lang='lat' dir='ltr'>quentem</span> <span class='ocrx_word' id='word_1_37' title='bbox 379 425 466 450; x_wconf 90' lang='lat' dir='ltr'>cum</span> <span class='ocrx_word' id='word_1_38' title='bbox 493 413 622 459; x_wconf 86' lang='lat' dir='ltr'>altero,</span> <span class='ocrx_word' id='word_1_39' title='bbox 650 422 925 462; x_wconf 65' lang='lat' dir='ltr'>nonnunquam</span> <span class='ocrx_word' id='word_1_40' title='bbox 952 411 1065 448; x_wconf 85' lang='lat' dir='ltr'>etiam</span> <span class='ocrx_word' id='word_1_41' title='bbox 1092 409 1276 447; x_wconf 89' lang='lat' dir='ltr'>circulan-</span> 
     </span>
     <span class='ocr_line' id='line_1_7' title="bbox 173 463 1274 515; baseline -0.003 -13"><span class='ocrx_word' id='word_1_42' title='bbox 173 472 265 511; x_wconf 89' lang='lat' dir='ltr'>tem,</span> <span class='ocrx_word' id='word_1_43' title='bbox 294 465 507 503; x_wconf 85' lang='lat' dir='ltr'><strong>mittentem</strong></span> <span class='ocrx_word' id='word_1_44' title='bbox 527 465 575 502; x_wconf 91' lang='lat' dir='ltr'>ad</span> <span class='ocrx_word' id='word_1_45' title='bbox 593 465 716 511; x_wconf 90' lang='lat' dir='ltr'>horas,</span> <span class='ocrx_word' id='word_1_46' title='bbox 745 463 996 515; x_wconf 61' lang='lat' dir='ltr'>quaesitorem,</span> <span class='ocrx_word' id='word_1_47' title='bbox 1024 471 1067 501; x_wconf 90' lang='lat' dir='ltr'>ut</span> <span class='ocrx_word' id='word_1_48' title='bbox 1093 463 1274 508; x_wconf 88' lang='lat' dir='ltr'>dimittat,</span> 
     </span>
     <span class='ocr_line' id='line_1_8' title="bbox 173 515 1277 569; baseline -0.001 -15"><span class='ocrx_word' id='word_1_49' title='bbox 173 525 395 568; x_wconf 79' lang='lat' dir='ltr'>rogantem3</span> <span class='ocrx_word' id='word_1_50' title='bbox 425 519 617 569; x_wconf 84' lang='lat' dir='ltr'>intelligit,</span> <span class='ocrx_word' id='word_1_51' title='bbox 645 526 828 555; x_wconf 89' lang='lat' dir='ltr'>oratorem</span> <span class='ocrx_word' id='word_1_52' title='bbox 848 518 887 554; x_wconf 88' lang='lat' dir='ltr'>in</span> <span class='ocrx_word' id='word_1_53' title='bbox 907 518 949 555; x_wconf 61' lang='lat' dir='ltr'>eit</span> <span class='ocrx_word' id='word_1_54' title='bbox 972 517 1084 555; x_wconf 64' lang='lat' dir='ltr'>causa</span> <span class='ocrx_word' id='word_1_55' title='bbox 1108 528 1184 554; x_wconf 90' lang='lat' dir='ltr'>non</span> <span class='ocrx_word' id='word_1_56' title='bbox 1210 515 1277 553; x_wconf 87' lang='lat' dir='ltr'>ad-</span> 
     </span>
     <span class='ocr_line' id='line_1_9' title="bbox 174 570 1275 622; baseline -0.002 -15"><span class='ocrx_word' id='word_1_57' title='bbox 174 583 266 618; x_wconf 83' lang='lat' dir='ltr'>esse,</span> <span class='ocrx_word' id='word_1_58' title='bbox 284 572 350 622; x_wconf 92' lang='lat' dir='ltr'>qui</span> <span class='ocrx_word' id='word_1_59' title='bbox 363 572 480 622; x_wconf 87' lang='lat' dir='ltr'>possit</span> <span class='ocrx_word' id='word_1_60' title='bbox 498 572 634 609; x_wconf 88' lang='lat' dir='ltr'>animis</span> <span class='ocrx_word' id='word_1_61' title='bbox 649 571 823 620; x_wconf 89' lang='lat' dir='ltr'>judicum</span> <span class='ocrx_word' id='word_1_62' title='bbox 842 571 1040 608; x_wconf 88' lang='lat' dir='ltr'>admovere</span> <span class='ocrx_word' id='word_1_63' title='bbox 1055 570 1275 615; x_wconf 87' lang='lat' dir='ltr'>orationem,</span> 
     </span>
     <span class='ocr_line' id='line_1_10' title="bbox 174 621 1276 674; baseline -0.002 -14"><span class='ocrx_word' id='word_1_64' title='bbox 174 630 372 674; x_wconf 86' lang='lat' dir='ltr'>tamquam</span> <span class='ocrx_word' id='word_1_65' title='bbox 400 625 539 662; x_wconf 85' lang='lat' dir='ltr'>fidibus</span> <span class='ocrx_word' id='word_1_66' title='bbox 568 637 739 662; x_wconf 88' lang='lat' dir='ltr'>manum.</span> <span class='ocrx_word' id='word_1_67' title='bbox 777 624 886 662; x_wconf 82' lang='lat' dir='ltr'><strong>Idem</strong></span> <span class='ocrx_word' id='word_1_68' title='bbox 912 624 942 661; x_wconf 91' lang='lat' dir='ltr'>si</span> <span class='ocrx_word' id='word_1_69' title='bbox 970 623 1183 674; x_wconf 87' lang='lat' dir='ltr'>praeteriens</span> <span class='ocrx_word' id='word_1_70' title='bbox 1209 621 1276 659; x_wconf 90' lang='lat' dir='ltr'>ad-</span> 
     </span>
     <span class='ocr_line' id='line_1_11' title="bbox 173 676 1275 727; baseline -0.002 -13"><span class='ocrx_word' id='word_1_71' title='bbox 173 678 338 727; x_wconf 88' lang='lat' dir='ltr'>spexerit</span> <span class='ocrx_word' id='word_1_72' title='bbox 358 686 495 716; x_wconf 87' lang='lat' dir='ltr'>erectos</span> <span class='ocrx_word' id='word_1_73' title='bbox 509 679 696 716; x_wconf 87' lang='lat' dir='ltr'>intuentes</span> <span class='ocrx_word' id='word_1_74' title='bbox 708 677 868 726; x_wconf 88' lang='lat' dir='ltr'>judices,</span> <span class='ocrx_word' id='word_1_75' title='bbox 884 685 928 715; x_wconf 91' lang='lat' dir='ltr'>ut</span> <span class='ocrx_word' id='word_1_76' title='bbox 941 685 1007 714; x_wconf 85' lang='lat' dir='ltr'>aut</span> <span class='ocrx_word' id='word_1_77' title='bbox 1021 676 1143 714; x_wconf 89' lang='lat' dir='ltr'>doceri</span> <span class='ocrx_word' id='word_1_78' title='bbox 1157 676 1204 713; x_wconf 91' lang='lat' dir='ltr'>de</span> <span class='ocrx_word' id='word_1_79' title='bbox 1222 687 1275 722; x_wconf 86' lang='lat' dir='ltr'>re,</span> 
     </span>
     <span class='ocr_line' id='line_1_12' title="bbox 174 729 1275 782; baseline -0.001 -16"><span class='ocrx_word' id='word_1_80' title='bbox 174 729 289 781; x_wconf 91' lang='lat' dir='ltr'>idque</span> <span class='ocrx_word' id='word_1_81' title='bbox 308 731 422 768; x_wconf 85' lang='lat' dir='ltr'>etiam</span> <span class='ocrx_word' id='word_1_82' title='bbox 441 732 549 769; x_wconf 91' lang='lat' dir='ltr'>vultu</span> <span class='ocrx_word' id='word_1_83' title='bbox 570 733 740 782; x_wconf 86' lang='lat' dir='ltr'>probare,</span> <span class='ocrx_word' id='word_1_84' title='bbox 762 731 983 768; x_wconf 88' lang='lat' dir='ltr'>videantur:</span> <span class='ocrx_word' id='word_1_85' title='bbox 1005 737 1084 776; x_wconf 84' lang='lat' dir='ltr'>aut,</span> <span class='ocrx_word' id='word_1_86' title='bbox 1105 736 1148 767; x_wconf 86' lang='lat' dir='ltr'>ut</span> <span class='ocrx_word' id='word_1_87' title='bbox 1166 740 1275 766; x_wconf 89' lang='lat' dir='ltr'>avem</span> 
     </span>
     <span class='ocr_line' id='line_1_13' title="bbox 173 783 1278 835; baseline -0.002 -15"><span class='ocrx_word' id='word_1_88' title='bbox 173 791 287 821; x_wconf 87' lang='lat' dir='ltr'>cantu</span> <span class='ocrx_word' id='word_1_89' title='bbox 303 784 445 835; x_wconf 87' lang='lat' dir='ltr'>aliquo,</span> <span class='ocrx_word' id='word_1_90' title='bbox 466 784 519 822; x_wconf 93' lang='lat' dir='ltr'>sic</span> <span class='ocrx_word' id='word_1_91' title='bbox 537 785 621 822; x_wconf 92' lang='lat' dir='ltr'>illos</span> <span class='ocrx_word' id='word_1_92' title='bbox 640 784 774 821; x_wconf 90' lang='lat' dir='ltr'>viderit</span> <span class='ocrx_word' id='word_1_93' title='bbox 792 784 970 830; x_wconf 85' lang='lat' dir='ltr'>oratione,</span> <span class='ocrx_word' id='word_1_94' title='bbox 991 783 1099 833; x_wconf 89' lang='lat' dir='ltr'>quasi</span> <span class='ocrx_word' id='word_1_95' title='bbox 1121 794 1278 832; x_wconf 87' lang='lat' dir='ltr'>suspen-</span> 
     </span>
     <span class='ocr_line' id='line_1_14' title="bbox 173 834 1274 888; baseline -0.003 -14"><span class='ocrx_word' id='word_1_96' title='bbox 173 848 246 883; x_wconf 81' lang='lat' dir='ltr'>SOS,</span> <span class='ocrx_word' id='word_1_97' title='bbox 275 838 419 882; x_wconf 86' lang='lat' dir='ltr'>teneri;</span> <span class='ocrx_word' id='word_1_98' title='bbox 450 846 516 875; x_wconf 93' lang='lat' dir='ltr'>aut</span> <span class='ocrx_word' id='word_1_99' title='bbox 536 838 591 880; x_wconf 82' lang='lat' dir='ltr'>(id</span> <span class='ocrx_word' id='word_1_100' title='bbox 609 837 711 888; x_wconf 94' lang='lat' dir='ltr'>quod</span> <span class='ocrx_word' id='word_1_101' title='bbox 731 838 898 874; x_wconf 83' lang='lat' dir='ltr'>maxime</span> <span class='ocrx_word' id='word_1_102' title='bbox 922 849 1018 887; x_wconf 89' lang='lat' dir='ltr'>opus</span> <span class='ocrx_word' id='word_1_103' title='bbox 1038 844 1108 882; x_wconf 89' lang='lat' dir='ltr'>est)</span> <span class='ocrx_word' id='word_1_104' title='bbox 1128 834 1274 872; x_wconf 88' lang='lat' dir='ltr'>miseri-</span> 
     </span>
     <span class='ocr_line' id='line_1_15' title="bbox 173 889 1278 941; baseline -0.001 -15"><span class='ocrx_word' id='word_1_105' title='bbox 173 889 313 937; x_wconf 66' lang='lat' dir='ltr'>cordia,</span> <span class='ocrx_word' id='word_1_106' title='bbox 335 891 434 938; x_wconf 87' lang='lat' dir='ltr'>odio,</span> <span class='ocrx_word' id='word_1_107' title='bbox 454 898 562 928; x_wconf 87' lang='lat' dir='ltr'>motu</span> <span class='ocrx_word' id='word_1_108' title='bbox 582 891 699 928; x_wconf 88' lang='lat' dir='ltr'>animi</span> <span class='ocrx_word' id='word_1_109' title='bbox 719 891 846 941; x_wconf 89' lang='lat' dir='ltr'>aliquo</span> <span class='ocrx_word' id='word_1_110' title='bbox 864 891 1100 940; x_wconf 85' lang='lat' dir='ltr'>perturbatos</span> <span class='ocrx_word' id='word_1_111' title='bbox 1119 901 1196 926; x_wconf 82' lang='lat' dir='ltr'>esse</span> <span class='ocrx_word' id='word_1_112' title='bbox 1214 900 1278 925; x_wconf 91' lang='lat' dir='ltr'>ve-</span> 
     </span>
     <span class='ocr_line' id='line_1_16' title="bbox 171 940 1276 994; baseline -0.003 -14"><span class='ocrx_word' id='word_1_113' title='bbox 171 941 409 988; x_wconf 84' lang='lat' dir='ltr'>hementius;</span> <span class='ocrx_word' id='word_1_114' title='bbox 441 957 485 981; x_wconf 87' lang='lat' dir='ltr'>ea</span> <span class='ocrx_word' id='word_1_115' title='bbox 503 944 533 982; x_wconf 92' lang='lat' dir='ltr'>si</span> <span class='ocrx_word' id='word_1_116' title='bbox 557 944 771 994; x_wconf 86' lang='lat' dir='ltr'>praeteriens</span> <span class='ocrx_word' id='word_1_117' title='bbox 791 946 851 986; x_wconf 93' lang='lat' dir='ltr'>(ut</span> <span class='ocrx_word' id='word_1_118' title='bbox 876 943 972 989; x_wconf 85' lang='lat' dir='ltr'>dixi)</span> <span class='ocrx_word' id='word_1_119' title='bbox 999 941 1224 993; x_wconf 80' lang='lat' dir='ltr'>adspexerit,</span> <span class='ocrx_word' id='word_1_120' title='bbox 1245 940 1276 978; x_wconf 88' lang='lat' dir='ltr'>si</span> 
     </span>
     <span class='ocr_line' id='line_1_17' title="bbox 171 994 1274 1044; baseline -0.001 -12"><span class='ocrx_word' id='word_1_121' title='bbox 171 995 268 1033; x_wconf 89' lang='lat' dir='ltr'>nihil</span> <span class='ocrx_word' id='word_1_122' title='bbox 285 996 460 1044; x_wconf 88' lang='lat' dir='ltr'>audierit,</span> <span class='ocrx_word' id='word_1_123' title='bbox 476 1004 604 1034; x_wconf 86' lang='lat' dir='ltr'>tamen</span> <span class='ocrx_word' id='word_1_124' title='bbox 623 1004 808 1034; x_wconf 89' lang='lat' dir='ltr'>oratorem</span> <span class='ocrx_word' id='word_1_125' title='bbox 827 996 964 1034; x_wconf 89' lang='lat' dir='ltr'>versari</span> <span class='ocrx_word' id='word_1_126' title='bbox 979 996 1017 1033; x_wconf 90' lang='lat' dir='ltr'>in</span> <span class='ocrx_word' id='word_1_127' title='bbox 1037 996 1103 1032; x_wconf 86' lang='lat' dir='ltr'>illo</span> <span class='ocrx_word' id='word_1_128' title='bbox 1117 994 1274 1043; x_wconf 87' lang='lat' dir='ltr'>judicio,</span> 
     </span>
     <span class='ocr_line' id='line_1_18' title="bbox 170 1049 1276 1100; baseline -0.001 -15"><span class='ocrx_word' id='word_1_129' title='bbox 170 1055 208 1085; x_wconf 91' lang='lat' dir='ltr'>et</span> <span class='ocrx_word' id='word_1_130' title='bbox 225 1061 320 1099; x_wconf 90' lang='lat' dir='ltr'>opus</span> <span class='ocrx_word' id='word_1_131' title='bbox 334 1050 539 1087; x_wconf 89' lang='lat' dir='ltr'>oratorium</span> <span class='ocrx_word' id='word_1_132' title='bbox 558 1050 653 1097; x_wconf 84' lang='lat' dir='ltr'>fieri,</span> <span class='ocrx_word' id='word_1_133' title='bbox 674 1057 740 1087; x_wconf 88' lang='lat' dir='ltr'>aut</span> <span class='ocrx_word' id='word_1_134' title='bbox 757 1049 966 1100; x_wconf 87' lang='lat' dir='ltr'>perfectum</span> <span class='ocrx_word' id='word_1_135' title='bbox 981 1050 1064 1098; x_wconf 88' lang='lat' dir='ltr'>jam</span> <span class='ocrx_word' id='word_1_136' title='bbox 1082 1061 1173 1096; x_wconf 87' lang='lat' dir='ltr'>esse,</span> <span class='ocrx_word' id='word_1_137' title='bbox 1189 1059 1276 1098; x_wconf 88' lang='lat' dir='ltr'>pro-</span> 
     </span>
     <span class='ocr_line' id='line_1_19' title="bbox 170 1100 481 1153; baseline 0.006 -15"><span class='ocrx_word' id='word_1_138' title='bbox 170 1100 267 1140; x_wconf 80' lang='lat' dir='ltr'>fecto</span> <span class='ocrx_word' id='word_1_139' title='bbox 285 1102 481 1153; x_wconf 78' lang='lat' dir='ltr'>intelliget.</span> 
     </span>
    </p>

    <p class='ocr_par' dir='ltr' id='par_1_3' title="bbox 170 1155 1288 2216">
     <span class='ocr_line' id='line_1_20' title="bbox 224 1155 1272 1207; baseline -0.003 -14"><span class='ocrx_word' id='word_1_140' title='bbox 224 1155 314 1193; x_wconf 88' lang='lat' dir='ltr'>LV.</span> <span class='ocrx_word' id='word_1_141' title='bbox 335 1155 436 1194; x_wconf 92' lang='lat' dir='ltr'>Cum</span> <span class='ocrx_word' id='word_1_142' title='bbox 454 1157 535 1194; x_wconf 87' lang='lat' dir='ltr'>haec</span> <span class='ocrx_word' id='word_1_143' title='bbox 549 1155 818 1202; x_wconf 86' lang='lat' dir='ltr'>disseruissem,</span> <span class='ocrx_word' id='word_1_144' title='bbox 834 1162 993 1207; x_wconf 88' lang='lat' dir='ltr'>uterque</span> <span class='ocrx_word' id='word_1_145' title='bbox 1007 1166 1178 1193; x_wconf 89' lang='lat' dir='ltr'>assensus</span> <span class='ocrx_word' id='word_1_146' title='bbox 1193 1160 1272 1198; x_wconf 88' lang='lat' dir='ltr'>est;</span> 
     </span>
     <span class='ocr_line' id='line_1_21' title="bbox 171 1207 1274 1260; baseline -0.002 -15"><span class='ocrx_word' id='word_1_147' title='bbox 171 1214 209 1245; x_wconf 88' lang='lat' dir='ltr'>et</span> <span class='ocrx_word' id='word_1_148' title='bbox 227 1221 309 1259; x_wconf 88' lang='lat' dir='ltr'>eg0,</span> <span class='ocrx_word' id='word_1_149' title='bbox 330 1215 528 1260; x_wconf 85' lang='lat' dir='ltr'>tamquam</span> <span class='ocrx_word' id='word_1_150' title='bbox 547 1209 594 1247; x_wconf 92' lang='lat' dir='ltr'>de</span> <span class='ocrx_word' id='word_1_151' title='bbox 611 1210 757 1259; x_wconf 84' lang='lat' dir='ltr'>integro</span> <span class='ocrx_word' id='word_1_152' title='bbox 776 1209 938 1255; x_wconf 79' lang='lat' dir='ltr'>ordiens,</span> <span class='ocrx_word' id='word_1_153' title='bbox 959 1208 1126 1255; x_wconf 83' lang='lat' dir='ltr'>Quando</span> <span class='ocrx_word' id='word_1_154' title='bbox 1144 1207 1274 1257; x_wconf 78' lang='lat' dir='ltr'>igitur,</span> 
     </span>
     <span class='ocr_line' id='line_1_22' title="bbox 171 1259 1276 1313; baseline -0.001 -16"><span class='ocrx_word' id='word_1_155' title='bbox 171 1260 345 1312; x_wconf 86' lang='lat' dir='ltr'>inquam,</span> <span class='ocrx_word' id='word_1_156' title='bbox 365 1275 388 1300; x_wconf 90' lang='lat' dir='ltr'>a</span> <span class='ocrx_word' id='word_1_157' title='bbox 407 1263 520 1300; x_wconf 63' lang='lat' dir='ltr'>Cotta</span> <span class='ocrx_word' id='word_1_158' title='bbox 539 1270 576 1300; x_wconf 86' lang='lat' dir='ltr'>et</span> <span class='ocrx_word' id='word_1_159' title='bbox 595 1263 763 1313; x_wconf 89' lang='lat' dir='ltr'>Sulpicio</span> <span class='ocrx_word' id='word_1_160' title='bbox 781 1263 861 1300; x_wconf 86' lang='lat' dir='ltr'>haec</span> <span class='ocrx_word' id='word_1_161' title='bbox 880 1262 1003 1304; x_wconf 85' lang='lat' dir='ltr'>omnis</span> <span class='ocrx_word' id='word_1_162' title='bbox 1018 1261 1129 1298; x_wconf 88' lang='lat' dir='ltr'>fluxit</span> <span class='ocrx_word' id='word_1_163' title='bbox 1143 1259 1276 1307; x_wconf 87' lang='lat' dir='ltr'>oratio,</span> 
     </span>
     <span class='ocr_line' id='line_1_23' title="bbox 171 1312 1275 1364; baseline -0.002 -13"><span class='ocrx_word' id='word_1_164' title='bbox 171 1326 261 1352; x_wconf 88' lang='lat' dir='ltr'>cum</span> <span class='ocrx_word' id='word_1_165' title='bbox 278 1315 348 1353; x_wconf 90' lang='lat' dir='ltr'>hos</span> <span class='ocrx_word' id='word_1_166' title='bbox 366 1316 534 1353; x_wconf 87' lang='lat' dir='ltr'>maxime</span> <span class='ocrx_word' id='word_1_167' title='bbox 549 1316 693 1364; x_wconf 90' lang='lat' dir='ltr'>judicio</span> <span class='ocrx_word' id='word_1_168' title='bbox 707 1315 861 1352; x_wconf 88' lang='lat' dir='ltr'>iUorum</span> <span class='ocrx_word' id='word_1_169' title='bbox 879 1315 1095 1361; x_wconf 87' lang='lat' dir='ltr'>hominum,</span> <span class='ocrx_word' id='word_1_170' title='bbox 1117 1320 1153 1351; x_wconf 92' lang='lat' dir='ltr'>et</span> <span class='ocrx_word' id='word_1_171' title='bbox 1171 1312 1275 1350; x_wconf 83' lang='lat' dir='ltr'>iuius</span> 
     </span>
     <span class='ocr_line' id='line_1_24' title="bbox 171 1367 1275 1419; baseline -0.001 -15"><span class='ocrx_word' id='word_1_172' title='bbox 171 1367 305 1415; x_wconf 87' lang='lat' dir='ltr'>aetatis,</span> <span class='ocrx_word' id='word_1_173' title='bbox 321 1368 500 1406; x_wconf 86' lang='lat' dir='ltr'>dixissem</span> <span class='ocrx_word' id='word_1_174' title='bbox 514 1370 704 1419; x_wconf 86' lang='lat' dir='ltr'>probatos,</span> <span class='ocrx_word' id='word_1_175' title='bbox 721 1376 883 1406; x_wconf 87' lang='lat' dir='ltr'>revertar</span> <span class='ocrx_word' id='word_1_176' title='bbox 901 1368 950 1405; x_wconf 81' lang='lat' dir='ltr'>ad.</span> <span class='ocrx_word' id='word_1_177' title='bbox 969 1380 1030 1405; x_wconf 90' lang='lat' dir='ltr'>eos</span> <span class='ocrx_word' id='word_1_178' title='bbox 1048 1367 1170 1418; x_wconf 85' lang='lat' dir='ltr'>ipsos:</span> <span class='ocrx_word' id='word_1_179' title='bbox 1192 1373 1275 1403; x_wconf 87' lang='lat' dir='ltr'>tum</span> 
     </span>
     <span class='ocr_line' id='line_1_25' title="bbox 170 1419 1276 1472; baseline -0.002 -14"><span class='ocrx_word' id='word_1_180' title='bbox 170 1420 348 1471; x_wconf 89' lang='lat' dir='ltr'>reliquos,</span> <span class='ocrx_word' id='word_1_181' title='bbox 368 1428 412 1458; x_wconf 92' lang='lat' dir='ltr'>ut</span> <span class='ocrx_word' id='word_1_182' title='bbox 436 1421 596 1468; x_wconf 92' lang='lat' dir='ltr'>institui,</span> <span class='ocrx_word' id='word_1_183' title='bbox 620 1421 794 1472; x_wconf 89' lang='lat' dir='ltr'>deinceps</span> <span class='ocrx_word' id='word_1_184' title='bbox 819 1433 1032 1472; x_wconf 88' lang='lat' dir='ltr'>persequar.</span> <span class='ocrx_word' id='word_1_185' title='bbox 1080 1419 1276 1467; x_wconf 84' lang='lat' dir='ltr'>Quoniam</span> 
     </span>
     <span class='ocr_line' id='line_1_26' title="bbox 172 1472 1279 1525; baseline -0.002 -14"><span class='ocrx_word' id='word_1_186' title='bbox 172 1486 260 1523; x_wconf 88' lang='lat' dir='ltr'>ergo</span> <span class='ocrx_word' id='word_1_187' title='bbox 286 1481 477 1512; x_wconf 86' lang='lat' dir='ltr'>oratorum</span> <span class='ocrx_word' id='word_1_188' title='bbox 501 1477 688 1512; x_wconf 89' lang='lat' dir='ltr'>bonorum</span> <span class='ocrx_word' id='word_1_189' title='bbox 715 1474 800 1516; x_wconf 89' lang='lat' dir='ltr'>(hos</span> <span class='ocrx_word' id='word_1_190' title='bbox 825 1474 924 1511; x_wconf 89' lang='lat' dir='ltr'>enim</span> <span class='ocrx_word' id='word_1_191' title='bbox 954 1473 1175 1525; x_wconf 87' lang='lat' dir='ltr'>quaerimus)</span> <span class='ocrx_word' id='word_1_192' title='bbox 1202 1472 1279 1510; x_wconf 89' lang='lat' dir='ltr'>duo</span> 
     </span>
     <span class='ocr_line' id='line_1_27' title="bbox 172 1526 1279 1578; baseline -0.002 -14"><span class='ocrx_word' id='word_1_193' title='bbox 172 1539 311 1577; x_wconf 85' lang='lat' dir='ltr'>genera</span> <span class='ocrx_word' id='word_1_194' title='bbox 324 1534 426 1575; x_wconf 89' lang='lat' dir='ltr'>sunt,</span> <span class='ocrx_word' id='word_1_195' title='bbox 442 1540 565 1565; x_wconf 91' lang='lat' dir='ltr'>unum</span> <span class='ocrx_word' id='word_1_196' title='bbox 581 1534 771 1565; x_wconf 89' lang='lat' dir='ltr'>attenuate</span> <span class='ocrx_word' id='word_1_197' title='bbox 784 1540 996 1578; x_wconf 76' lang='lat' dir='ltr'>presseque,</span> <span class='ocrx_word' id='word_1_198' title='bbox 1014 1527 1174 1564; x_wconf 87' lang='lat' dir='ltr'>alterum</span> <span class='ocrx_word' id='word_1_199' title='bbox 1190 1526 1279 1563; x_wconf 89' lang='lat' dir='ltr'>sub-</span> 
     </span>
     <span class='ocr_line' id='line_1_28' title="bbox 173 1577 1278 1631; baseline -0.001 -14"><span class='ocrx_word' id='word_1_200' title='bbox 173 1580 250 1617; x_wconf 88' lang='lat' dir='ltr'>late</span> <span class='ocrx_word' id='word_1_201' title='bbox 276 1581 477 1631; x_wconf 89' lang='lat' dir='ltr'>ampleque</span> <span class='ocrx_word' id='word_1_202' title='bbox 503 1580 735 1625; x_wconf 87' lang='lat' dir='ltr'>dicentium;</span> <span class='ocrx_word' id='word_1_203' title='bbox 765 1581 834 1618; x_wconf 91' lang='lat' dir='ltr'>etsi</span> <span class='ocrx_word' id='word_1_204' title='bbox 858 1580 897 1617; x_wconf 88' lang='lat' dir='ltr'>id</span> <span class='ocrx_word' id='word_1_205' title='bbox 922 1581 1058 1618; x_wconf 90' lang='lat' dir='ltr'>melius</span> <span class='ocrx_word' id='word_1_206' title='bbox 1078 1587 1145 1628; x_wconf 87' lang='lat' dir='ltr'>est,</span> <span class='ocrx_word' id='word_1_207' title='bbox 1175 1577 1278 1630; x_wconf 88' lang='lat' dir='ltr'>quod</span> 
     </span>
     <span class='ocr_line' id='line_1_29' title="bbox 174 1632 1278 1684; baseline -0.002 -14"><span class='ocrx_word' id='word_1_208' title='bbox 174 1633 408 1683; x_wconf 87' lang='lat' dir='ltr'>splendidius</span> <span class='ocrx_word' id='word_1_209' title='bbox 425 1641 462 1672; x_wconf 90' lang='lat' dir='ltr'>et</span> <span class='ocrx_word' id='word_1_210' title='bbox 471 1634 788 1684; x_wconf 84' lang='lat' dir='ltr'>magnificentius,</span> <span class='ocrx_word' id='word_1_211' title='bbox 809 1640 935 1671; x_wconf 89' lang='lat' dir='ltr'>tamen</span> <span class='ocrx_word' id='word_1_212' title='bbox 955 1633 995 1671; x_wconf 92' lang='lat' dir='ltr'>in</span> <span class='ocrx_word' id='word_1_213' title='bbox 1013 1633 1122 1671; x_wconf 90' lang='lat' dir='ltr'>bonis</span> <span class='ocrx_word' id='word_1_214' title='bbox 1136 1632 1278 1678; x_wconf 89' lang='lat' dir='ltr'>omnia,</span> 
     </span>
     <span class='ocr_line' id='line_1_30' title="bbox 175 1685 1280 1736; baseline -0.003 -12"><span class='ocrx_word' id='word_1_215' title='bbox 175 1698 262 1736; x_wconf 87' lang='lat' dir='ltr'>quae</span> <span class='ocrx_word' id='word_1_216' title='bbox 280 1699 432 1724; x_wconf 88' lang='lat' dir='ltr'>summa</span> <span class='ocrx_word' id='word_1_217' title='bbox 450 1695 552 1734; x_wconf 79' lang='lat' dir='ltr'>sunt,</span> <span class='ocrx_word' id='word_1_218' title='bbox 569 1688 654 1736; x_wconf 88' lang='lat' dir='ltr'>jure</span> <span class='ocrx_word' id='word_1_219' title='bbox 671 1686 888 1724; x_wconf 85' lang='lat' dir='ltr'>laudantur.</span> <span class='ocrx_word' id='word_1_220' title='bbox 932 1686 1008 1725; x_wconf 90' lang='lat' dir='ltr'>Sed</span> <span class='ocrx_word' id='word_1_221' title='bbox 1033 1685 1199 1724; x_wconf 86' lang='lat' dir='ltr'>cavenda</span> <span class='ocrx_word' id='word_1_222' title='bbox 1225 1691 1280 1722; x_wconf 88' lang='lat' dir='ltr'>est</span> 
     </span>
     <span class='ocr_line' id='line_1_31' title="bbox 173 1739 1281 1790; baseline -0.002 -14"><span class='ocrx_word' id='word_1_223' title='bbox 173 1751 300 1789; x_wconf 89' lang='lat' dir='ltr'>presso</span> <span class='ocrx_word' id='word_1_224' title='bbox 317 1739 376 1777; x_wconf 86' lang='lat' dir='ltr'>ini</span> <span class='ocrx_word' id='word_1_225' title='bbox 393 1740 531 1778; x_wconf 87' lang='lat' dir='ltr'>oratori</span> <span class='ocrx_word' id='word_1_226' title='bbox 556 1740 684 1790; x_wconf 91' lang='lat' dir='ltr'>inopia</span> <span class='ocrx_word' id='word_1_227' title='bbox 709 1747 746 1778; x_wconf 89' lang='lat' dir='ltr'>et</span> <span class='ocrx_word' id='word_1_228' title='bbox 768 1740 975 1789; x_wconf 87' lang='lat' dir='ltr'>jejunitas;</span> <span class='ocrx_word' id='word_1_229' title='bbox 1005 1740 1133 1790; x_wconf 89' lang='lat' dir='ltr'>amplo</span> <span class='ocrx_word' id='word_1_230' title='bbox 1151 1745 1281 1776; x_wconf 89' lang='lat' dir='ltr'>autem</span> 
     </span>
     <span class='ocr_line' id='line_1_32' title="bbox 174 1791 1282 1844; baseline -0.002 -15"><span class='ocrx_word' id='word_1_231' title='bbox 174 1792 350 1830; x_wconf 90' lang='lat' dir='ltr'>inflatum</span> <span class='ocrx_word' id='word_1_232' title='bbox 376 1800 413 1830; x_wconf 88' lang='lat' dir='ltr'>et</span> <span class='ocrx_word' id='word_1_233' title='bbox 438 1801 657 1844; x_wconf 89' lang='lat' dir='ltr'>corruptum</span> <span class='ocrx_word' id='word_1_234' title='bbox 685 1793 862 1831; x_wconf 90' lang='lat' dir='ltr'>orationis</span> <span class='ocrx_word' id='word_1_235' title='bbox 887 1805 1019 1843; x_wconf 89' lang='lat' dir='ltr'>genus.</span> <span class='ocrx_word' id='word_1_236' title='bbox 1057 1791 1282 1830; x_wconf 88' lang='lat' dir='ltr'>Inveniebat</span> 
     </span>
     <span class='ocr_line' id='line_1_33' title="bbox 173 1842 1283 1897; baseline -0.002 -15"><span class='ocrx_word' id='word_1_237' title='bbox 173 1844 291 1895; x_wconf 87' lang='lat' dir='ltr'>igitur</span> <span class='ocrx_word' id='word_1_238' title='bbox 309 1853 417 1884; x_wconf 85' lang='lat' dir='ltr'>acute</span> <span class='ocrx_word' id='word_1_239' title='bbox 436 1846 571 1884; x_wconf 85' lang='lat' dir='ltr'>Cotta:</span> <span class='ocrx_word' id='word_1_240' title='bbox 593 1846 740 1884; x_wconf 90' lang='lat' dir='ltr'>dicebat</span> <span class='ocrx_word' id='word_1_241' title='bbox 757 1859 853 1897; x_wconf 87' lang='lat' dir='ltr'>pure</span> <span class='ocrx_word' id='word_1_242' title='bbox 871 1859 914 1884; x_wconf 89' lang='lat' dir='ltr'>ac</span> <span class='ocrx_word' id='word_1_243' title='bbox 933 1846 1079 1890; x_wconf 82' lang='lat' dir='ltr'>solute3</span> <span class='ocrx_word' id='word_1_244' title='bbox 1101 1851 1151 1891; x_wconf 90' lang='lat' dir='ltr'>et,</span> <span class='ocrx_word' id='word_1_245' title='bbox 1170 1851 1215 1881; x_wconf 91' lang='lat' dir='ltr'>ut</span> <span class='ocrx_word' id='word_1_246' title='bbox 1233 1842 1283 1880; x_wconf 88' lang='lat' dir='ltr'>ad</span> 
     </span>
     <span class='ocr_line' id='line_1_34' title="bbox 173 1898 1283 1950; baseline -0.003 -14"><span class='ocrx_word' id='word_1_247' title='bbox 173 1898 433 1937; x_wconf 81' lang='lat' dir='ltr'>infirmitatem</span> <span class='ocrx_word' id='word_1_248' title='bbox 458 1900 622 1938; x_wconf 88' lang='lat' dir='ltr'>laterum</span> <span class='ocrx_word' id='word_1_249' title='bbox 647 1900 872 1950; x_wconf 87' lang='lat' dir='ltr'>perscienter</span> <span class='ocrx_word' id='word_1_250' title='bbox 898 1899 1176 1938; x_wconf 78' lang='lat' dir='ltr'>contentionem</span> <span class='ocrx_word' id='word_1_251' title='bbox 1201 1908 1283 1934; x_wconf 89' lang='lat' dir='ltr'>om-</span> 
     </span>
     <span class='ocr_line' id='line_1_35' title="bbox 174 1948 1285 2001; baseline -0.002 -13"><span class='ocrx_word' id='word_1_252' title='bbox 174 1962 264 1988; x_wconf 88' lang='lat' dir='ltr'>nem</span> <span class='ocrx_word' id='word_1_253' title='bbox 282 1952 489 2001; x_wconf 84' lang='lat' dir='ltr'>remiserat,</span> <span class='ocrx_word' id='word_1_254' title='bbox 516 1953 568 1990; x_wconf 91' lang='lat' dir='ltr'>sic</span> <span class='ocrx_word' id='word_1_255' title='bbox 586 1952 634 1990; x_wconf 90' lang='lat' dir='ltr'>ad</span> <span class='ocrx_word' id='word_1_256' title='bbox 652 1953 792 1990; x_wconf 85' lang='lat' dir='ltr'>virium</span> <span class='ocrx_word' id='word_1_257' title='bbox 810 1952 1110 1990; x_wconf 83' lang='lat' dir='ltr'>imbecillitatem</span> <span class='ocrx_word' id='word_1_258' title='bbox 1135 1948 1285 1987; x_wconf 90' lang='lat' dir='ltr'>dicendi</span> 
     </span>
     <span class='ocr_line' id='line_1_36' title="bbox 175 2003 1286 2056; baseline -0.003 -14"><span class='ocrx_word' id='word_1_259' title='bbox 175 2005 484 2043; x_wconf 84' lang='lat' dir='ltr'>accommodabat</span> <span class='ocrx_word' id='word_1_260' title='bbox 512 2018 643 2056; x_wconf 87' lang='lat' dir='ltr'>genus.</span> <span class='ocrx_word' id='word_1_261' title='bbox 683 2006 797 2044; x_wconf 87' lang='lat' dir='ltr'>Nihil</span> <span class='ocrx_word' id='word_1_262' title='bbox 829 2012 909 2043; x_wconf 89' lang='lat' dir='ltr'>erat</span> <span class='ocrx_word' id='word_1_263' title='bbox 937 2005 978 2043; x_wconf 89' lang='lat' dir='ltr'>in</span> <span class='ocrx_word' id='word_1_264' title='bbox 1008 2005 1089 2053; x_wconf 88' lang='lat' dir='ltr'>ejus</span> <span class='ocrx_word' id='word_1_265' title='bbox 1118 2003 1286 2041; x_wconf 87' lang='lat' dir='ltr'>oratione</span> 
     </span>
     <span class='ocr_line' id='line_1_37' title="bbox 175 2054 1287 2109; baseline -0.002 -15"><span class='ocrx_word' id='word_1_266' title='bbox 175 2056 248 2094; x_wconf 86' lang='lat' dir='ltr'>nisi</span> <span class='ocrx_word' id='word_1_267' title='bbox 263 2057 465 2107; x_wconf 88' lang='lat' dir='ltr'>sincerum,</span> <span class='ocrx_word' id='word_1_268' title='bbox 484 2059 582 2096; x_wconf 88' lang='lat' dir='ltr'>nihil</span> <span class='ocrx_word' id='word_1_269' title='bbox 597 2059 670 2096; x_wconf 90' lang='lat' dir='ltr'>nisi</span> <span class='ocrx_word' id='word_1_270' title='bbox 683 2059 838 2106; x_wconf 87' lang='lat' dir='ltr'>siccum,</span> <span class='ocrx_word' id='word_1_271' title='bbox 859 2066 973 2109; x_wconf 79' lang='lat' dir='ltr'>atque</span> <span class='ocrx_word' id='word_1_272' title='bbox 987 2069 1149 2095; x_wconf 87' lang='lat' dir='ltr'>sanum:</span> <span class='ocrx_word' id='word_1_273' title='bbox 1170 2054 1287 2093; x_wconf 87' lang='lat' dir='ltr'>illud-</span> 
     </span>
     <span class='ocr_line' id='line_1_38' title="bbox 175 2108 1287 2162; baseline -0.002 -15"><span class='ocrx_word' id='word_1_274' title='bbox 175 2122 252 2160; x_wconf 89' lang='lat' dir='ltr'>que</span> <span class='ocrx_word' id='word_1_275' title='bbox 269 2111 500 2157; x_wconf 85' lang='lat' dir='ltr'>maximum,</span> <span class='ocrx_word' id='word_1_276' title='bbox 520 2112 638 2162; x_wconf 88' lang='lat' dir='ltr'>quod,</span> <span class='ocrx_word' id='word_1_277' title='bbox 654 2125 742 2151; x_wconf 91' lang='lat' dir='ltr'>cum</span> <span class='ocrx_word' id='word_1_278' title='bbox 757 2111 995 2150; x_wconf 82' lang='lat' dir='ltr'>contentione</span> <span class='ocrx_word' id='word_1_279' title='bbox 1008 2109 1186 2149; x_wconf 88' lang='lat' dir='ltr'>orationis</span> <span class='ocrx_word' id='word_1_280' title='bbox 1199 2108 1287 2146; x_wconf 87' lang='lat' dir='ltr'>flec-</span> 
     </span>
     <span class='ocr_line' id='line_1_39' title="bbox 178 2163 1288 2216; baseline -0.003 -15"><span class='ocrx_word' id='word_1_281' title='bbox 178 2169 255 2201; x_wconf 76' lang='lat' dir='ltr'>tere</span> <span class='ocrx_word' id='word_1_282' title='bbox 280 2163 427 2203; x_wconf 82' lang='lat' dir='ltr'>animos</span> <span class='ocrx_word' id='word_1_283' title='bbox 448 2164 624 2215; x_wconf 85' lang='lat' dir='ltr'>judicum</span> <span class='ocrx_word' id='word_1_284' title='bbox 650 2165 715 2203; x_wconf 85' lang='lat' dir='ltr'>vix</span> <span class='ocrx_word' id='word_1_285' title='bbox 740 2171 878 2216; x_wconf 87' lang='lat' dir='ltr'>posset,</span> <span class='ocrx_word' id='word_1_286' title='bbox 898 2176 967 2203; x_wconf 90' lang='lat' dir='ltr'>nec</span> <span class='ocrx_word' id='word_1_287' title='bbox 986 2163 1142 2202; x_wconf 89' lang='lat' dir='ltr'>omnino</span> <span class='ocrx_word' id='word_1_288' title='bbox 1161 2174 1205 2200; x_wconf 81' lang='lat' dir='ltr'>eo</span> <span class='ocrx_word' id='word_1_289' title='bbox 1223 2173 1288 2211; x_wconf 88' lang='lat' dir='ltr'>ge-</span> 
     </span>
    </p>
   </div>
  </div>
 </body>
</html>
