<?xml version="1.0" encoding="UTF-8"?>
<!DOCTYPE html PUBLIC "-//W3C//DTD XHTML 1.0 Transitional//EN"
    "http://www.w3.org/TR/xhtml1/DTD/xhtml1-transitional.dtd">
<html xmlns="http://www.w3.org/1999/xhtml" xml:lang="en" lang="en">
 <head>
  <title>
</title>
<meta http-equiv="Content-Type" content="text/html;charset=utf-8" />
  <meta name='ocr-system' content='tesseract 3.04.00' />
  <meta name='ocr-capabilities' content='ocr_page ocr_carea ocr_par ocr_line ocrx_word'/>
</head>
<body>
  <div class='ocr_page' id='page_1' title='image "./operaern01ciceuoft_0044.png"; bbox 0 0 1429 2344; ppageno 0'>
   <div class='ocr_carea' id='block_1_1' title="bbox 149 64 1155 118">
    <p class='ocr_par' dir='ltr' id='par_1_1' title="bbox 149 64 1155 118">
     <span class='ocr_line' id='line_1_1' title="bbox 149 64 1155 118; baseline 0.003 -15"><span class='ocrx_word' id='word_1_1' title='bbox 149 65 201 104; x_wconf 85' lang='lat'>26</span> <span class='ocrx_word' id='word_1_2' title='bbox 256 64 334 105; x_wconf 91' lang='lat' dir='ltr'>DE</span> <span class='ocrx_word' id='word_1_3' title='bbox 364 65 755 118; x_wconf 87' lang='lat' dir='ltr'>INVENTIONE,</span> <span class='ocrx_word' id='word_1_4' title='bbox 787 68 886 107; x_wconf 81' lang='lat' dir='ltr'>Lm.</span> <span class='ocrx_word' id='word_1_5' title='bbox 904 68 938 108; x_wconf 92' lang='lat' dir='ltr'>I.</span> <span class='ocrx_word' id='word_1_6' title='bbox 969 67 1155 108; x_wconf 57' lang='lat' dir='ltr'>Onam.</span> 
     </span>
    </p>
   </div>
   <div class='ocr_carea' id='block_1_2' title="bbox 149 173 1281 2213">
    <p class='ocr_par' dir='ltr' id='par_1_2' title="bbox 149 173 1278 1404">
     <span class='ocr_line' id='line_1_2' title="bbox 149 173 1267 228; baseline 0.002 -18"><span class='ocrx_word' id='word_1_7' title='bbox 149 173 277 212; x_wconf 84' lang='lat' dir='ltr'>niosus</span> <span class='ocrx_word' id='word_1_8' title='bbox 307 187 356 212; x_wconf 86' lang='lat' dir='ltr'>an</span> <span class='ocrx_word' id='word_1_9' title='bbox 390 175 540 222; x_wconf 85' lang='lat' dir='ltr'>tenuis;</span> <span class='ocrx_word' id='word_1_10' title='bbox 574 176 744 228; x_wconf 86' lang='lat' dir='ltr'>privatus</span> <span class='ocrx_word' id='word_1_11' title='bbox 773 190 821 215; x_wconf 87' lang='lat' dir='ltr'>an</span> <span class='ocrx_word' id='word_1_12' title='bbox 865 190 953 216; x_wconf 86' lang='lat' dir='ltr'>cum</span> <span class='ocrx_word' id='word_1_13' title='bbox 986 182 1193 228; x_wconf 79' lang='lat' dir='ltr'>potestate3</span> <span class='ocrx_word' id='word_1_14' title='bbox 1235 175 1267 212; x_wconf 90' lang='lat' dir='ltr'>si</span> 
     </span>
     <span class='ocr_line' id='line_1_3' title="bbox 149 230 1265 280; baseline 0 -15"><span class='ocrx_word' id='word_1_15' title='bbox 149 239 240 265; x_wconf 89' lang='lat' dir='ltr'>cum</span> <span class='ocrx_word' id='word_1_16' title='bbox 259 236 454 279; x_wconf 76' lang='lat' dir='ltr'><strong>potestate,</strong></span> <span class='ocrx_word' id='word_1_17' title='bbox 472 230 557 278; x_wconf 87' lang='lat' dir='ltr'>jure</span> <span class='ocrx_word' id='word_1_18' title='bbox 575 243 623 268; x_wconf 89' lang='lat' dir='ltr'>an</span> <span class='ocrx_word' id='word_1_19' title='bbox 646 230 812 280; x_wconf 64' lang='lat' dir='ltr'>injuri3t;</span> <span class='ocrx_word' id='word_1_20' title='bbox 833 231 939 279; x_wconf 82' lang='lat' dir='ltr'>felix,</span> <span class='ocrx_word' id='word_1_21' title='bbox 956 232 1093 278; x_wconf 87' lang='lat' dir='ltr'>clarus,</span> <span class='ocrx_word' id='word_1_22' title='bbox 1113 242 1162 267; x_wconf 87' lang='lat' dir='ltr'>an</span> <span class='ocrx_word' id='word_1_23' title='bbox 1177 241 1265 267; x_wconf 89' lang='lat' dir='ltr'>con-</span> 
     </span>
     <span class='ocr_line' id='line_1_4' title="bbox 150 283 1265 334; baseline 0.002 -16"><span class='ocrx_word' id='word_1_24' title='bbox 150 288 235 327; x_wconf 78' lang='lat' dir='ltr'>tra3</span> <span class='ocrx_word' id='word_1_25' title='bbox 257 283 388 333; x_wconf 84' lang='lat' dir='ltr'>quales</span> <span class='ocrx_word' id='word_1_26' title='bbox 405 283 542 321; x_wconf 88' lang='lat' dir='ltr'>liberos</span> <span class='ocrx_word' id='word_1_27' title='bbox 556 284 705 322; x_wconf 86' lang='lat' dir='ltr'>habeat.</span> <span class='ocrx_word' id='word_1_28' title='bbox 734 285 811 332; x_wconf 82' lang='lat' dir='ltr'>Ac,</span> <span class='ocrx_word' id='word_1_29' title='bbox 841 285 871 321; x_wconf 83' lang='lat' dir='ltr'>si</span> <span class='ocrx_word' id='word_1_30' title='bbox 890 285 936 322; x_wconf 87' lang='lat' dir='ltr'>de</span> <span class='ocrx_word' id='word_1_31' title='bbox 954 297 1031 322; x_wconf 90' lang='lat' dir='ltr'>non</span> <span class='ocrx_word' id='word_1_32' title='bbox 1056 283 1142 322; x_wconf 82' lang='lat' dir='ltr'>vivo</span> <span class='ocrx_word' id='word_1_33' title='bbox 1161 295 1265 334; x_wconf 88' lang='lat' dir='ltr'>quae-</span> 
     </span>
     <span class='ocr_line' id='line_1_5' title="bbox 153 336 1267 387; baseline 0.001 -16"><span class='ocrx_word' id='word_1_34' title='bbox 153 342 270 383; x_wconf 89' lang='lat' dir='ltr'>retur,</span> <span class='ocrx_word' id='word_1_35' title='bbox 292 336 406 373; x_wconf 87' lang='lat' dir='ltr'>etiam</span> <span class='ocrx_word' id='word_1_36' title='bbox 426 337 531 387; x_wconf 86' lang='lat' dir='ltr'>quali</span> <span class='ocrx_word' id='word_1_37' title='bbox 549 344 670 375; x_wconf 87' lang='lat' dir='ltr'>morte</span> <span class='ocrx_word' id='word_1_38' title='bbox 685 338 732 375; x_wconf 88' lang='lat' dir='ltr'>sit</span> <span class='ocrx_word' id='word_1_39' title='bbox 750 338 918 387; x_wconf 78' lang='lat' dir='ltr'>affectus,</span> <span class='ocrx_word' id='word_1_40' title='bbox 939 338 1008 375; x_wconf 88' lang='lat' dir='ltr'>erit</span> <span class='ocrx_word' id='word_1_41' title='bbox 1030 336 1267 376; x_wconf 84' lang='lat' dir='ltr'>consideran-</span> 
     </span>
     <span class='ocr_line' id='line_1_6' title="bbox 154 388 1269 442; baseline 0.002 -17"><span class='ocrx_word' id='word_1_42' title='bbox 154 388 261 426; x_wconf 88' lang='lat' dir='ltr'>dum.</span> <span class='ocrx_word' id='word_1_43' title='bbox 293 389 484 427; x_wconf 82' lang='lat' dir='ltr'>Habitum</span> <span class='ocrx_word' id='word_1_44' title='bbox 500 398 628 428; x_wconf 89' lang='lat' dir='ltr'>autem</span> <span class='ocrx_word' id='word_1_45' title='bbox 648 392 899 442; x_wconf 85' lang='lat' dir='ltr'>appellamus,</span> <span class='ocrx_word' id='word_1_46' title='bbox 921 391 1039 429; x_wconf 87' lang='lat' dir='ltr'>animi</span> <span class='ocrx_word' id='word_1_47' title='bbox 1053 398 1120 428; x_wconf 85' lang='lat' dir='ltr'>aut</span> <span class='ocrx_word' id='word_1_48' title='bbox 1139 402 1269 440; x_wconf 86' lang='lat' dir='ltr'>corpo-</span> 
     </span>
     <span class='ocr_line' id='line_1_7' title="bbox 153 441 1269 496; baseline 0.003 -18"><span class='ocrx_word' id='word_1_49' title='bbox 153 441 204 479; x_wconf 90' lang='lat' dir='ltr'>ris</span> <span class='ocrx_word' id='word_1_50' title='bbox 233 450 467 480; x_wconf 84' lang='lat' dir='ltr'>constantem</span> <span class='ocrx_word' id='word_1_51' title='bbox 498 452 534 481; x_wconf 88' lang='lat' dir='ltr'>et</span> <span class='ocrx_word' id='word_1_52' title='bbox 562 445 774 482; x_wconf 86' lang='lat' dir='ltr'>absolutam</span> <span class='ocrx_word' id='word_1_53' title='bbox 801 445 931 496; x_wconf 63' lang='lat' dir='ltr'>aliqua</span> <span class='ocrx_word' id='word_1_54' title='bbox 957 445 997 482; x_wconf 91' lang='lat' dir='ltr'>in</span> <span class='ocrx_word' id='word_1_55' title='bbox 1016 457 1056 482; x_wconf 88' lang='lat' dir='ltr'>re</span> <span class='ocrx_word' id='word_1_56' title='bbox 1073 443 1269 494; x_wconf 90' lang='lat' dir='ltr'>perfectio-</span> 
     </span>
     <span class='ocr_line' id='line_1_8' title="bbox 154 496 1269 549; baseline 0.002 -17"><span class='ocrx_word' id='word_1_57' title='bbox 154 507 270 541; x_wconf 81' lang='lat' dir='ltr'>nem3</span> <span class='ocrx_word' id='word_1_58' title='bbox 292 503 336 533; x_wconf 85' lang='lat' dir='ltr'>ut</span> <span class='ocrx_word' id='word_1_59' title='bbox 355 496 504 534; x_wconf 90' lang='lat' dir='ltr'>virtutis</span> <span class='ocrx_word' id='word_1_60' title='bbox 523 504 589 534; x_wconf 88' lang='lat' dir='ltr'>aut</span> <span class='ocrx_word' id='word_1_61' title='bbox 607 498 696 535; x_wconf 86' lang='lat' dir='ltr'>artis</span> <span class='ocrx_word' id='word_1_62' title='bbox 715 499 992 549; x_wconf 84' lang='lat' dir='ltr'>perceptionem</span> <span class='ocrx_word' id='word_1_63' title='bbox 1012 498 1186 546; x_wconf 85' lang='lat' dir='ltr'>alicujus,</span> <span class='ocrx_word' id='word_1_64' title='bbox 1202 503 1269 534; x_wconf 86' lang='lat' dir='ltr'>aut</span> 
     </span>
     <span class='ocr_line' id='line_1_9' title="bbox 153 550 1270 603; baseline 0.002 -18"><span class='ocrx_word' id='word_1_65' title='bbox 153 550 330 599; x_wconf 88' lang='lat' dir='ltr'>quamvis</span> <span class='ocrx_word' id='word_1_66' title='bbox 356 550 576 596; x_wconf 85' lang='lat' dir='ltr'>scientiam;</span> <span class='ocrx_word' id='word_1_67' title='bbox 609 558 646 588; x_wconf 85' lang='lat' dir='ltr'>et</span> <span class='ocrx_word' id='word_1_68' title='bbox 669 552 761 589; x_wconf 93' lang='lat' dir='ltr'>item</span> <span class='ocrx_word' id='word_1_69' title='bbox 789 552 951 603; x_wconf 81' lang='lat' dir='ltr'>corporis</span> <span class='ocrx_word' id='word_1_70' title='bbox 979 551 1148 602; x_wconf 82' lang='lat' dir='ltr'>aliquam</span> <span class='ocrx_word' id='word_1_71' title='bbox 1167 563 1270 588; x_wconf 90' lang='lat' dir='ltr'>com-</span> 
     </span>
     <span class='ocr_line' id='line_1_10' title="bbox 154 603 1271 653; baseline 0.002 -14"><span class='ocrx_word' id='word_1_72' title='bbox 154 603 393 651; x_wconf 78' lang='lat' dir='ltr'>moditatem,</span> <span class='ocrx_word' id='word_1_73' title='bbox 413 616 491 641; x_wconf 91' lang='lat' dir='ltr'>non</span> <span class='ocrx_word' id='word_1_74' title='bbox 510 605 647 642; x_wconf 63' lang='lat' dir='ltr'>natura</span> <span class='ocrx_word' id='word_1_75' title='bbox 665 605 808 653; x_wconf 86' lang='lat' dir='ltr'>datam,</span> <span class='ocrx_word' id='word_1_76' title='bbox 836 605 901 643; x_wconf 87' lang='lat' dir='ltr'>sed</span> <span class='ocrx_word' id='word_1_77' title='bbox 925 605 1049 643; x_wconf 85' lang='lat' dir='ltr'>studio</span> <span class='ocrx_word' id='word_1_78' title='bbox 1067 603 1271 642; x_wconf 64' lang='lat' dir='ltr'>industria-</span> 
     </span>
     <span class='ocr_line' id='line_1_11' title="bbox 155 657 1272 709; baseline 0.001 -16"><span class='ocrx_word' id='word_1_79' title='bbox 155 669 232 706; x_wconf 90' lang='lat' dir='ltr'>que</span> <span class='ocrx_word' id='word_1_80' title='bbox 250 664 412 706; x_wconf 89' lang='lat' dir='ltr'>partam.</span> <span class='ocrx_word' id='word_1_81' title='bbox 441 657 606 696; x_wconf 86' lang='lat' dir='ltr'>Affectio</span> <span class='ocrx_word' id='word_1_82' title='bbox 625 666 693 705; x_wconf 86' lang='lat' dir='ltr'>est,</span> <span class='ocrx_word' id='word_1_83' title='bbox 714 658 833 696; x_wconf 90' lang='lat' dir='ltr'>animi</span> <span class='ocrx_word' id='word_1_84' title='bbox 852 666 918 696; x_wconf 90' lang='lat' dir='ltr'>aut</span> <span class='ocrx_word' id='word_1_85' title='bbox 932 658 1096 709; x_wconf 84' lang='lat' dir='ltr'>corporis</span> <span class='ocrx_word' id='word_1_86' title='bbox 1114 670 1161 695; x_wconf 83' lang='lat' dir='ltr'>ex</span> <span class='ocrx_word' id='word_1_87' title='bbox 1175 664 1272 694; x_wconf 90' lang='lat' dir='ltr'>tem-</span> 
     </span>
     <span class='ocr_line' id='line_1_12' title="bbox 154 710 1271 761; baseline 0.002 -15"><span class='ocrx_word' id='word_1_88' title='bbox 154 722 260 760; x_wconf 88' lang='lat' dir='ltr'>pore,</span> <span class='ocrx_word' id='word_1_89' title='bbox 280 711 410 761; x_wconf 65' lang='lat' dir='ltr'>aliqua</span> <span class='ocrx_word' id='word_1_90' title='bbox 429 710 475 748; x_wconf 88' lang='lat' dir='ltr'>de</span> <span class='ocrx_word' id='word_1_91' title='bbox 490 712 617 757; x_wconf 62' lang='lat' dir='ltr'>causa,</span> <span class='ocrx_word' id='word_1_92' title='bbox 639 712 901 760; x_wconf 83' lang='lat' dir='ltr'>commutatio,</span> <span class='ocrx_word' id='word_1_93' title='bbox 929 719 972 750; x_wconf 92' lang='lat' dir='ltr'>ut</span> <span class='ocrx_word' id='word_1_94' title='bbox 997 712 1143 759; x_wconf 89' lang='lat' dir='ltr'>laetitia,</span> <span class='ocrx_word' id='word_1_95' title='bbox 1164 710 1271 761; x_wconf 91' lang='lat' dir='ltr'>cupi-</span> 
     </span>
     <span class='ocr_line' id='line_1_13' title="bbox 157 763 1270 814; baseline 0.001 -14"><span class='ocrx_word' id='word_1_96' title='bbox 157 763 270 812; x_wconf 84' lang='lat' dir='ltr'>ditas,</span> <span class='ocrx_word' id='word_1_97' title='bbox 299 772 439 812; x_wconf 88' lang='lat' dir='ltr'>metus,</span> <span class='ocrx_word' id='word_1_98' title='bbox 471 766 657 813; x_wconf 85' lang='lat' dir='ltr'>molestia,</span> <span class='ocrx_word' id='word_1_99' title='bbox 691 768 861 814; x_wconf 83' lang='lat' dir='ltr'>morbus,</span> <span class='ocrx_word' id='word_1_100' title='bbox 889 766 1078 814; x_wconf 83' lang='lat' dir='ltr'>debilitas,</span> <span class='ocrx_word' id='word_1_101' title='bbox 1112 772 1149 802; x_wconf 88' lang='lat' dir='ltr'>et</span> <span class='ocrx_word' id='word_1_102' title='bbox 1182 764 1270 812; x_wconf 81' lang='lat' dir='ltr'>alia,</span> 
     </span>
     <span class='ocr_line' id='line_1_14' title="bbox 155 818 1272 870; baseline 0.002 -17"><span class='ocrx_word' id='word_1_103' title='bbox 155 830 244 868; x_wconf 88' lang='lat' dir='ltr'>quae</span> <span class='ocrx_word' id='word_1_104' title='bbox 262 830 398 867; x_wconf 85' lang='lat' dir='ltr'>genere</span> <span class='ocrx_word' id='word_1_105' title='bbox 416 818 457 855; x_wconf 92' lang='lat' dir='ltr'>in</span> <span class='ocrx_word' id='word_1_106' title='bbox 476 819 608 857; x_wconf 82' lang='lat' dir='ltr'>eodem</span> <span class='ocrx_word' id='word_1_107' title='bbox 627 820 877 870; x_wconf 86' lang='lat' dir='ltr'>reperiuntur.</span> <span class='ocrx_word' id='word_1_108' title='bbox 907 820 1089 858; x_wconf 88' lang='lat' dir='ltr'>Studium</span> <span class='ocrx_word' id='word_1_109' title='bbox 1115 825 1171 856; x_wconf 86' lang='lat' dir='ltr'>est</span> <span class='ocrx_word' id='word_1_110' title='bbox 1190 819 1272 856; x_wconf 88' lang='lat' dir='ltr'>ani-</span> 
     </span>
     <span class='ocr_line' id='line_1_15' title="bbox 157 870 1274 924; baseline 0.002 -17"><span class='ocrx_word' id='word_1_111' title='bbox 157 870 214 907; x_wconf 89' lang='lat' dir='ltr'>mi</span> <span class='ocrx_word' id='word_1_112' title='bbox 232 871 383 909; x_wconf 85' lang='lat' dir='ltr'>assidua</span> <span class='ocrx_word' id='word_1_113' title='bbox 413 879 450 909; x_wconf 87' lang='lat' dir='ltr'>et</span> <span class='ocrx_word' id='word_1_114' title='bbox 479 872 680 911; x_wconf 91' lang='lat' dir='ltr'>vehemens</span> <span class='ocrx_word' id='word_1_115' title='bbox 711 874 759 911; x_wconf 86' lang='lat' dir='ltr'>ad</span> <span class='ocrx_word' id='word_1_116' title='bbox 785 874 954 924; x_wconf 88' lang='lat' dir='ltr'>aliquam</span> <span class='ocrx_word' id='word_1_117' title='bbox 985 886 1066 911; x_wconf 90' lang='lat' dir='ltr'>rem</span> <span class='ocrx_word' id='word_1_118' title='bbox 1085 872 1274 923; x_wconf 85' lang='lat' dir='ltr'>applicata</span> 
     </span>
     <span class='ocr_line' id='line_1_16' title="bbox 157 924 1272 978; baseline 0.001 -17"><span class='ocrx_word' id='word_1_119' title='bbox 157 924 301 974; x_wconf 66' lang='lat' dir='ltr'>magna</span> <span class='ocrx_word' id='word_1_120' title='bbox 337 938 426 963; x_wconf 90' lang='lat' dir='ltr'>cum</span> <span class='ocrx_word' id='word_1_121' title='bbox 457 927 653 964; x_wconf 82' lang='lat' dir='ltr'>voluntate</span> <span class='ocrx_word' id='word_1_122' title='bbox 685 927 894 978; x_wconf 85' lang='lat' dir='ltr'>occupatio,</span> <span class='ocrx_word' id='word_1_123' title='bbox 933 934 978 964; x_wconf 87' lang='lat' dir='ltr'>ut</span> <span class='ocrx_word' id='word_1_124' title='bbox 1009 925 1272 978; x_wconf 60' lang='lat' dir='ltr'>philosophiae,</span> 
     </span>
     <span class='ocr_line' id='line_1_17' title="bbox 158 979 1275 1030; baseline 0 -15"><span class='ocrx_word' id='word_1_125' title='bbox 158 979 328 1028; x_wconf 76' lang='lat' dir='ltr'>poe&#39;ticae,</span> <span class='ocrx_word' id='word_1_126' title='bbox 342 979 570 1029; x_wconf 76' lang='lat' dir='ltr'>geometriae,</span> <span class='ocrx_word' id='word_1_127' title='bbox 585 980 793 1018; x_wconf 86' lang='lat' dir='ltr'>literarum.</span> <span class='ocrx_word' id='word_1_128' title='bbox 824 980 1037 1018; x_wconf 87' lang='lat' dir='ltr'>Consilium</span> <span class='ocrx_word' id='word_1_129' title='bbox 1056 987 1111 1017; x_wconf 86' lang='lat' dir='ltr'>est</span> <span class='ocrx_word' id='word_1_130' title='bbox 1129 979 1275 1030; x_wconf 85' lang='lat' dir='ltr'>aliquid</span> 
     </span>
     <span class='ocr_line' id='line_1_18' title="bbox 158 1031 1274 1086; baseline 0.001 -18"><span class='ocrx_word' id='word_1_131' title='bbox 158 1031 321 1069; x_wconf 87' lang='lat' dir='ltr'>faciendi</span> <span class='ocrx_word' id='word_1_132' title='bbox 353 1040 420 1070; x_wconf 86' lang='lat' dir='ltr'>aut</span> <span class='ocrx_word' id='word_1_133' title='bbox 453 1045 530 1071; x_wconf 92' lang='lat' dir='ltr'>non</span> <span class='ocrx_word' id='word_1_134' title='bbox 563 1034 725 1072; x_wconf 80' lang='lat' dir='ltr'>faciendi</span> <span class='ocrx_word' id='word_1_135' title='bbox 759 1033 884 1086; x_wconf 83' lang='lat' dir='ltr'>[vere]</span> <span class='ocrx_word' id='word_1_136' title='bbox 919 1034 1131 1084; x_wconf 80' lang='lat' dir='ltr'>excogitata</span> <span class='ocrx_word' id='word_1_137' title='bbox 1166 1032 1274 1070; x_wconf 85' lang='lat' dir='ltr'>ratio.</span> 
     </span>
     <span class='ocr_line' id='line_1_19' title="bbox 158 1085 1275 1137; baseline 0.001 -15"><span class='ocrx_word' id='word_1_138' title='bbox 158 1085 277 1123; x_wconf 87' lang='lat' dir='ltr'>Facta</span> <span class='ocrx_word' id='word_1_139' title='bbox 295 1093 438 1133; x_wconf 89' lang='lat' dir='ltr'>autem,</span> <span class='ocrx_word' id='word_1_140' title='bbox 460 1094 496 1124; x_wconf 88' lang='lat' dir='ltr'>et</span> <span class='ocrx_word' id='word_1_141' title='bbox 510 1100 630 1136; x_wconf 86' lang='lat' dir='ltr'>casus,</span> <span class='ocrx_word' id='word_1_142' title='bbox 652 1096 688 1126; x_wconf 91' lang='lat' dir='ltr'>et</span> <span class='ocrx_word' id='word_1_143' title='bbox 702 1088 901 1135; x_wconf 87' lang='lat' dir='ltr'>orationes,</span> <span class='ocrx_word' id='word_1_144' title='bbox 921 1088 1043 1125; x_wconf 88' lang='lat' dir='ltr'>tribus</span> <span class='ocrx_word' id='word_1_145' title='bbox 1062 1100 1109 1124; x_wconf 82' lang='lat' dir='ltr'>ex</span> <span class='ocrx_word' id='word_1_146' title='bbox 1128 1094 1275 1137; x_wconf 91' lang='lat' dir='ltr'>tempo-</span> 
     </span>
     <span class='ocr_line' id='line_1_20' title="bbox 157 1139 1275 1192; baseline 0.001 -17"><span class='ocrx_word' id='word_1_147' title='bbox 157 1139 263 1176; x_wconf 90' lang='lat' dir='ltr'>ribus</span> <span class='ocrx_word' id='word_1_148' title='bbox 296 1140 656 1187; x_wconf 70' lang='lat' dir='ltr'>considerabunturg</span> <span class='ocrx_word' id='word_1_149' title='bbox 687 1142 781 1192; x_wconf 89' lang='lat' dir='ltr'>quid</span> <span class='ocrx_word' id='word_1_150' title='bbox 810 1142 951 1188; x_wconf 84' lang='lat' dir='ltr'>fecerit,</span> <span class='ocrx_word' id='word_1_151' title='bbox 983 1148 1049 1179; x_wconf 86' lang='lat' dir='ltr'>aut</span> <span class='ocrx_word' id='word_1_152' title='bbox 1079 1140 1173 1191; x_wconf 89' lang='lat' dir='ltr'>quid</span> <span class='ocrx_word' id='word_1_153' title='bbox 1202 1140 1275 1190; x_wconf 88' lang='lat' dir='ltr'>ipsi</span> 
     </span>
     <span class='ocr_line' id='line_1_21' title="bbox 159 1193 1275 1246; baseline 0.001 -17"><span class='ocrx_word' id='word_1_154' title='bbox 159 1193 347 1239; x_wconf 82' lang='lat' dir='ltr'>acciderit,</span> <span class='ocrx_word' id='word_1_155' title='bbox 380 1201 446 1231; x_wconf 90' lang='lat' dir='ltr'>aut</span> <span class='ocrx_word' id='word_1_156' title='bbox 476 1195 570 1246; x_wconf 87' lang='lat' dir='ltr'>quid</span> <span class='ocrx_word' id='word_1_157' title='bbox 600 1195 766 1240; x_wconf 79' lang='lat' dir='ltr'>dixerit3</span> <span class='ocrx_word' id='word_1_158' title='bbox 799 1203 867 1233; x_wconf 89' lang='lat' dir='ltr'>aut</span> <span class='ocrx_word' id='word_1_159' title='bbox 897 1194 992 1246; x_wconf 85' lang='lat' dir='ltr'>quid</span> <span class='ocrx_word' id='word_1_160' title='bbox 1022 1194 1149 1241; x_wconf 83' lang='lat' dir='ltr'>faciat,</span> <span class='ocrx_word' id='word_1_161' title='bbox 1182 1193 1275 1244; x_wconf 88' lang='lat' dir='ltr'>quid</span> 
     </span>
     <span class='ocr_line' id='line_1_22' title="bbox 158 1245 1277 1300; baseline 0 -17"><span class='ocrx_word' id='word_1_162' title='bbox 158 1245 232 1296; x_wconf 89' lang='lat' dir='ltr'>ipsi</span> <span class='ocrx_word' id='word_1_163' title='bbox 251 1247 407 1295; x_wconf 88' lang='lat' dir='ltr'>accidat,</span> <span class='ocrx_word' id='word_1_164' title='bbox 439 1248 533 1298; x_wconf 87' lang='lat' dir='ltr'>quid</span> <span class='ocrx_word' id='word_1_165' title='bbox 551 1248 676 1293; x_wconf 79' lang='lat' dir='ltr'>dicat3</span> <span class='ocrx_word' id='word_1_166' title='bbox 698 1256 764 1286; x_wconf 88' lang='lat' dir='ltr'>aut</span> <span class='ocrx_word' id='word_1_167' title='bbox 782 1249 876 1300; x_wconf 88' lang='lat' dir='ltr'>quid</span> <span class='ocrx_word' id='word_1_168' title='bbox 901 1249 1069 1286; x_wconf 87' lang='lat' dir='ltr'>facturus</span> <span class='ocrx_word' id='word_1_169' title='bbox 1089 1247 1150 1294; x_wconf 88' lang='lat' dir='ltr'>sit,</span> <span class='ocrx_word' id='word_1_170' title='bbox 1183 1246 1277 1298; x_wconf 91' lang='lat' dir='ltr'>quid</span> 
     </span>
     <span class='ocr_line' id='line_1_23' title="bbox 158 1299 1278 1353; baseline 0.002 -17"><span class='ocrx_word' id='word_1_171' title='bbox 158 1299 231 1350; x_wconf 92' lang='lat' dir='ltr'>ipsi</span> <span class='ocrx_word' id='word_1_172' title='bbox 250 1313 426 1338; x_wconf 83' lang='lat' dir='ltr'>casurum</span> <span class='ocrx_word' id='word_1_173' title='bbox 446 1301 507 1350; x_wconf 82' lang='lat' dir='ltr'>sit,</span> <span class='ocrx_word' id='word_1_174' title='bbox 529 1303 606 1353; x_wconf 66' lang='lat' dir='ltr'>qua</span> <span class='ocrx_word' id='word_1_175' title='bbox 626 1302 673 1340; x_wconf 88' lang='lat' dir='ltr'>sit</span> <span class='ocrx_word' id='word_1_176' title='bbox 697 1316 836 1340; x_wconf 91' lang='lat' dir='ltr'>usurus</span> <span class='ocrx_word' id='word_1_177' title='bbox 854 1303 1032 1340; x_wconf 88' lang='lat' dir='ltr'>oratione.</span> <span class='ocrx_word' id='word_1_178' title='bbox 1070 1302 1134 1339; x_wconf 88' lang='lat' dir='ltr'>Ac</span> <span class='ocrx_word' id='word_1_179' title='bbox 1151 1313 1278 1351; x_wconf 86' lang='lat' dir='ltr'>perso-</span> 
     </span>
     <span class='ocr_line' id='line_1_24' title="bbox 157 1353 996 1404; baseline 0.004 -14"><span class='ocrx_word' id='word_1_180' title='bbox 157 1353 217 1391; x_wconf 91' lang='lat' dir='ltr'>nis</span> <span class='ocrx_word' id='word_1_181' title='bbox 237 1354 393 1404; x_wconf 88' lang='lat' dir='ltr'>quidem</span> <span class='ocrx_word' id='word_1_182' title='bbox 411 1355 492 1393; x_wconf 89' lang='lat' dir='ltr'>haec</span> <span class='ocrx_word' id='word_1_183' title='bbox 510 1356 686 1394; x_wconf 84' lang='lat' dir='ltr'>videntur</span> <span class='ocrx_word' id='word_1_184' title='bbox 705 1370 783 1394; x_wconf 91' lang='lat' dir='ltr'>esse</span> <span class='ocrx_word' id='word_1_185' title='bbox 801 1356 996 1394; x_wconf 85' lang='lat' dir='ltr'>attributa.</span> 
     </span>
    </p>

    <p class='ocr_par' dir='ltr' id='par_1_3' title="bbox 158 1407 1281 2156">
     <span class='ocr_line' id='line_1_25' title="bbox 214 1407 1278 1461; baseline -0.001 -16"><span class='ocrx_word' id='word_1_186' title='bbox 214 1407 375 1446; x_wconf 91' lang='lat' dir='ltr'>XXVI.</span> <span class='ocrx_word' id='word_1_187' title='bbox 406 1409 581 1459; x_wconf 88' lang='lat' dir='ltr'>Negotiis</span> <span class='ocrx_word' id='word_1_188' title='bbox 599 1418 728 1447; x_wconf 90' lang='lat' dir='ltr'>autem</span> <span class='ocrx_word' id='word_1_189' title='bbox 755 1423 841 1461; x_wconf 88' lang='lat' dir='ltr'>quae</span> <span class='ocrx_word' id='word_1_190' title='bbox 860 1418 948 1447; x_wconf 90' lang='lat' dir='ltr'>sunt</span> <span class='ocrx_word' id='word_1_191' title='bbox 966 1409 1163 1455; x_wconf 83' lang='lat' dir='ltr'>attributa,</span> <span class='ocrx_word' id='word_1_192' title='bbox 1190 1421 1278 1458; x_wconf 85' lang='lat' dir='ltr'>par-</span> 
     </span>
     <span class='ocr_line' id='line_1_26' title="bbox 158 1460 1276 1514; baseline 0.001 -17"><span class='ocrx_word' id='word_1_193' title='bbox 158 1460 230 1498; x_wconf 89' lang='lat' dir='ltr'>tim</span> <span class='ocrx_word' id='word_1_194' title='bbox 261 1469 350 1499; x_wconf 88' lang='lat' dir='ltr'>sunt</span> <span class='ocrx_word' id='word_1_195' title='bbox 380 1463 611 1500; x_wconf 86' lang='lat' dir='ltr'>continentia</span> <span class='ocrx_word' id='word_1_196' title='bbox 640 1477 728 1501; x_wconf 92' lang='lat' dir='ltr'>cum</span> <span class='ocrx_word' id='word_1_197' title='bbox 756 1464 838 1514; x_wconf 91' lang='lat' dir='ltr'>ipso</span> <span class='ocrx_word' id='word_1_198' title='bbox 868 1464 1044 1514; x_wconf 85' lang='lat' dir='ltr'>negotio;</span> <span class='ocrx_word' id='word_1_199' title='bbox 1073 1462 1214 1513; x_wconf 87' lang='lat' dir='ltr'>partim</span> <span class='ocrx_word' id='word_1_200' title='bbox 1237 1461 1276 1498; x_wconf 87' lang='lat' dir='ltr'>in</span> 
     </span>
     <span class='ocr_line' id='line_1_27' title="bbox 159 1515 1278 1568; baseline 0.001 -17"><span class='ocrx_word' id='word_1_201' title='bbox 159 1515 328 1564; x_wconf 88' lang='lat' dir='ltr'>gestione</span> <span class='ocrx_word' id='word_1_202' title='bbox 346 1516 487 1567; x_wconf 87' lang='lat' dir='ltr'>negotii</span> <span class='ocrx_word' id='word_1_203' title='bbox 506 1517 814 1563; x_wconf 58' lang='lat' dir='ltr'>considerantum</span> <span class='ocrx_word' id='word_1_204' title='bbox 835 1518 976 1568; x_wconf 85' lang='lat' dir='ltr'>partim</span> <span class='ocrx_word' id='word_1_205' title='bbox 988 1517 1169 1566; x_wconf 85' lang='lat' dir='ltr'>adjuncta</span> <span class='ocrx_word' id='word_1_206' title='bbox 1186 1528 1278 1565; x_wconf 93' lang='lat' dir='ltr'>neg-</span> 
     </span>
     <span class='ocr_line' id='line_1_28' title="bbox 159 1568 1277 1622; baseline 0.003 -18"><span class='ocrx_word' id='word_1_207' title='bbox 159 1568 237 1605; x_wconf 85' lang='lat' dir='ltr'>otio</span> <span class='ocrx_word' id='word_1_208' title='bbox 271 1577 386 1613; x_wconf 85' lang='lat' dir='ltr'>sunt;</span> <span class='ocrx_word' id='word_1_209' title='bbox 418 1570 559 1620; x_wconf 88' lang='lat' dir='ltr'>partim</span> <span class='ocrx_word' id='word_1_210' title='bbox 584 1579 735 1621; x_wconf 85' lang='lat' dir='ltr'>gestum</span> <span class='ocrx_word' id='word_1_211' title='bbox 754 1571 951 1622; x_wconf 89' lang='lat' dir='ltr'>negotium</span> <span class='ocrx_word' id='word_1_212' title='bbox 982 1576 1277 1621; x_wconf 79' lang='lat' dir='ltr'>consequuntur.</span> 
     </span>
     <span class='ocr_line' id='line_1_29' title="bbox 161 1620 1279 1675; baseline 0.001 -17"><span class='ocrx_word' id='word_1_213' title='bbox 161 1620 407 1660; x_wconf 85' lang='lat' dir='ltr'>Continentia</span> <span class='ocrx_word' id='word_1_214' title='bbox 425 1637 513 1661; x_wconf 92' lang='lat' dir='ltr'>cum</span> <span class='ocrx_word' id='word_1_215' title='bbox 533 1624 614 1675; x_wconf 91' lang='lat' dir='ltr'>ipso</span> <span class='ocrx_word' id='word_1_216' title='bbox 639 1625 790 1675; x_wconf 81' lang='lat' dir='ltr'>negotio</span> <span class='ocrx_word' id='word_1_217' title='bbox 817 1631 906 1662; x_wconf 87' lang='lat' dir='ltr'>sunt</span> <span class='ocrx_word' id='word_1_218' title='bbox 931 1638 988 1673; x_wconf 87' lang='lat' dir='ltr'>ea,</span> <span class='ocrx_word' id='word_1_219' title='bbox 1020 1637 1106 1675; x_wconf 88' lang='lat' dir='ltr'>quae</span> <span class='ocrx_word' id='word_1_220' title='bbox 1132 1635 1279 1674; x_wconf 87' lang='lat' dir='ltr'>semper</span> 
     </span>
     <span class='ocr_line' id='line_1_30' title="bbox 158 1674 1279 1730; baseline 0.002 -19"><span class='ocrx_word' id='word_1_221' title='bbox 158 1674 276 1712; x_wconf 86' lang='lat' dir='ltr'>affixa</span> <span class='ocrx_word' id='word_1_222' title='bbox 295 1689 373 1714; x_wconf 88' lang='lat' dir='ltr'>esse</span> <span class='ocrx_word' id='word_1_223' title='bbox 391 1677 567 1715; x_wconf 87' lang='lat' dir='ltr'>videntur</span> <span class='ocrx_word' id='word_1_224' title='bbox 590 1678 639 1715; x_wconf 88' lang='lat' dir='ltr'>ad</span> <span class='ocrx_word' id='word_1_225' title='bbox 660 1691 755 1726; x_wconf 89' lang='lat' dir='ltr'>rem,</span> <span class='ocrx_word' id='word_1_226' title='bbox 776 1691 900 1730; x_wconf 89' lang='lat' dir='ltr'>neque</span> <span class='ocrx_word' id='word_1_227' title='bbox 919 1680 967 1716; x_wconf 92' lang='lat' dir='ltr'>ab</span> <span class='ocrx_word' id='word_1_228' title='bbox 987 1678 1031 1715; x_wconf 64' lang='lat' dir='ltr'>ea</span> <span class='ocrx_word' id='word_1_229' title='bbox 1045 1683 1203 1728; x_wconf 88' lang='lat' dir='ltr'>possunt</span> <span class='ocrx_word' id='word_1_230' title='bbox 1223 1688 1279 1713; x_wconf 91' lang='lat' dir='ltr'>se-</span> 
     </span>
     <span class='ocr_line' id='line_1_31' title="bbox 161 1729 1280 1782; baseline 0.002 -17"><span class='ocrx_word' id='word_1_231' title='bbox 161 1729 298 1779; x_wconf 87' lang='lat' dir='ltr'>parari.</span> <span class='ocrx_word' id='word_1_232' title='bbox 319 1729 385 1767; x_wconf 84' lang='lat' dir='ltr'>Ex</span> <span class='ocrx_word' id='word_1_233' title='bbox 398 1730 458 1768; x_wconf 89' lang='lat' dir='ltr'>his</span> <span class='ocrx_word' id='word_1_234' title='bbox 469 1731 594 1782; x_wconf 90' lang='lat' dir='ltr'>prima</span> <span class='ocrx_word' id='word_1_235' title='bbox 608 1739 663 1769; x_wconf 90' lang='lat' dir='ltr'>est</span> <span class='ocrx_word' id='word_1_236' title='bbox 680 1732 804 1770; x_wconf 89' lang='lat' dir='ltr'>brevis</span> <span class='ocrx_word' id='word_1_237' title='bbox 822 1731 1035 1782; x_wconf 79' lang='lat' dir='ltr'>complexio</span> <span class='ocrx_word' id='word_1_238' title='bbox 1053 1732 1169 1768; x_wconf 86' lang='lat' dir='ltr'>totius</span> <span class='ocrx_word' id='word_1_239' title='bbox 1187 1742 1280 1780; x_wconf 88' lang='lat' dir='ltr'>neg-</span> 
     </span>
     <span class='ocr_line' id='line_1_32' title="bbox 160 1782 1279 1834; baseline 0.001 -15"><span class='ocrx_word' id='word_1_240' title='bbox 160 1782 241 1829; x_wconf 87' lang='lat' dir='ltr'>otii,</span> <span class='ocrx_word' id='word_1_241' title='bbox 275 1797 362 1834; x_wconf 88' lang='lat' dir='ltr'>quae</span> <span class='ocrx_word' id='word_1_242' title='bbox 394 1797 587 1822; x_wconf 87' lang='lat' dir='ltr'>summam</span> <span class='ocrx_word' id='word_1_243' title='bbox 613 1786 779 1823; x_wconf 86' lang='lat' dir='ltr'>continet</span> <span class='ocrx_word' id='word_1_244' title='bbox 809 1785 913 1832; x_wconf 86' lang='lat' dir='ltr'>facti,</span> <span class='ocrx_word' id='word_1_245' title='bbox 939 1785 1012 1823; x_wconf 85' lang='lat' dir='ltr'>hoc</span> <span class='ocrx_word' id='word_1_246' title='bbox 1032 1784 1171 1822; x_wconf 83' lang='lat' dir='ltr'>modo:</span> <span class='ocrx_word' id='word_1_247' title='bbox 1204 1783 1279 1820; x_wconf 88' lang='lat' dir='ltr'>Pa-</span> 
     </span>
     <span class='ocr_line' id='line_1_33' title="bbox 160 1836 1280 1890; baseline 0.002 -18"><span class='ocrx_word' id='word_1_248' title='bbox 160 1836 276 1873; x_wconf 89' lang='lat' dir='ltr'>rentis</span> <span class='ocrx_word' id='word_1_249' title='bbox 307 1837 455 1886; x_wconf 88' lang='lat' dir='ltr'>occisio,</span> <span class='ocrx_word' id='word_1_250' title='bbox 490 1839 624 1889; x_wconf 84' lang='lat' dir='ltr'>patriae</span> <span class='ocrx_word' id='word_1_251' title='bbox 660 1839 849 1890; x_wconf 85' lang='lat' dir='ltr'>proditio:</span> <span class='ocrx_word' id='word_1_252' title='bbox 889 1838 1025 1876; x_wconf 88' lang='lat' dir='ltr'>deinde</span> <span class='ocrx_word' id='word_1_253' title='bbox 1058 1851 1171 1876; x_wconf 87' lang='lat' dir='ltr'>causa</span> <span class='ocrx_word' id='word_1_254' title='bbox 1199 1838 1280 1886; x_wconf 88' lang='lat' dir='ltr'>ejus</span> 
     </span>
     <span class='ocr_line' id='line_1_34' title="bbox 160 1891 1281 1943; baseline 0.003 -18"><span class='ocrx_word' id='word_1_255' title='bbox 160 1901 336 1938; x_wconf 85' lang='lat' dir='ltr'>summae,</span> <span class='ocrx_word' id='word_1_256' title='bbox 357 1904 424 1942; x_wconf 88' lang='lat' dir='ltr'>per</span> <span class='ocrx_word' id='word_1_257' title='bbox 443 1905 575 1943; x_wconf 87' lang='lat' dir='ltr'>quam,</span> <span class='ocrx_word' id='word_1_258' title='bbox 593 1900 629 1930; x_wconf 93' lang='lat' dir='ltr'>et</span> <span class='ocrx_word' id='word_1_259' title='bbox 648 1895 898 1943; x_wconf 88' lang='lat' dir='ltr'>quamobrem</span> <span class='ocrx_word' id='word_1_260' title='bbox 917 1899 954 1930; x_wconf 88' lang='lat' dir='ltr'>et</span> <span class='ocrx_word' id='word_1_261' title='bbox 972 1891 1081 1941; x_wconf 88' lang='lat' dir='ltr'>cujus</span> <span class='ocrx_word' id='word_1_262' title='bbox 1099 1891 1153 1929; x_wconf 89' lang='lat' dir='ltr'>rei</span> <span class='ocrx_word' id='word_1_263' title='bbox 1166 1891 1281 1929; x_wconf 69' lang='lat' dir='ltr'>causa</span> 
     </span>
     <span class='ocr_line' id='line_1_35' title="bbox 159 1942 1280 1996; baseline 0.002 -17"><span class='ocrx_word' id='word_1_264' title='bbox 159 1942 306 1980; x_wconf 88' lang='lat' dir='ltr'>factum</span> <span class='ocrx_word' id='word_1_265' title='bbox 326 1944 387 1992; x_wconf 89' lang='lat' dir='ltr'>sit,</span> <span class='ocrx_word' id='word_1_266' title='bbox 409 1946 616 1996; x_wconf 85' lang='lat' dir='ltr'>quaeritur:</span> <span class='ocrx_word' id='word_1_267' title='bbox 647 1946 797 1994; x_wconf 88' lang='lat' dir='ltr'>deinde,</span> <span class='ocrx_word' id='word_1_268' title='bbox 822 1954 910 1984; x_wconf 85' lang='lat' dir='ltr'>ante</span> <span class='ocrx_word' id='word_1_269' title='bbox 928 1958 1009 1983; x_wconf 88' lang='lat' dir='ltr'>rem</span> <span class='ocrx_word' id='word_1_270' title='bbox 1027 1952 1173 1996; x_wconf 86' lang='lat' dir='ltr'>gestam</span> <span class='ocrx_word' id='word_1_271' title='bbox 1192 1957 1280 1995; x_wconf 89' lang='lat' dir='ltr'>quae</span> 
     </span>
     <span class='ocr_line' id='line_1_36' title="bbox 160 1995 1276 2051; baseline 0.001 -18"><span class='ocrx_word' id='word_1_272' title='bbox 160 1995 261 2034; x_wconf 83' lang='lat' dir='ltr'>facta</span> <span class='ocrx_word' id='word_1_273' title='bbox 291 2006 394 2046; x_wconf 87' lang='lat' dir='ltr'>sunt,</span> <span class='ocrx_word' id='word_1_274' title='bbox 428 2000 662 2037; x_wconf 89' lang='lat' dir='ltr'>continenter</span> <span class='ocrx_word' id='word_1_275' title='bbox 690 2013 812 2051; x_wconf 90' lang='lat' dir='ltr'>usque</span> <span class='ocrx_word' id='word_1_276' title='bbox 841 1999 890 2037; x_wconf 87' lang='lat' dir='ltr'>ad</span> <span class='ocrx_word' id='word_1_277' title='bbox 908 1999 1035 2050; x_wconf 90' lang='lat' dir='ltr'>ipsum</span> <span class='ocrx_word' id='word_1_278' title='bbox 1055 1998 1276 2048; x_wconf 85' lang='lat' dir='ltr'>negotium:</span> 
     </span>
     <span class='ocr_line' id='line_1_37' title="bbox 159 2049 1279 2105; baseline 0.002 -19"><span class='ocrx_word' id='word_1_279' title='bbox 159 2049 311 2100; x_wconf 83' lang='lat' dir='ltr'>deinde,</span> <span class='ocrx_word' id='word_1_280' title='bbox 331 2051 372 2088; x_wconf 93' lang='lat' dir='ltr'>in</span> <span class='ocrx_word' id='word_1_281' title='bbox 391 2052 473 2103; x_wconf 89' lang='lat' dir='ltr'>ipso</span> <span class='ocrx_word' id='word_1_282' title='bbox 491 2053 655 2103; x_wconf 88' lang='lat' dir='ltr'>gerendo</span> <span class='ocrx_word' id='word_1_283' title='bbox 679 2054 830 2104; x_wconf 89' lang='lat' dir='ltr'>negotio</span> <span class='ocrx_word' id='word_1_284' title='bbox 849 2053 943 2105; x_wconf 87' lang='lat' dir='ltr'>quid</span> <span class='ocrx_word' id='word_1_285' title='bbox 964 2060 1092 2091; x_wconf 85' lang='lat' dir='ltr'>actum</span> <span class='ocrx_word' id='word_1_286' title='bbox 1112 2052 1184 2089; x_wconf 85' lang='lat' dir='ltr'>sit:</span> <span class='ocrx_word' id='word_1_287' title='bbox 1214 2051 1279 2089; x_wconf 89' lang='lat' dir='ltr'>de-</span> 
     </span>
     <span class='ocr_line' id='line_1_38' title="bbox 159 2101 768 2156; baseline 0.008 -16"><span class='ocrx_word' id='word_1_288' title='bbox 159 2101 264 2152; x_wconf 91' lang='lat' dir='ltr'>inde,</span> <span class='ocrx_word' id='word_1_289' title='bbox 285 2105 379 2156; x_wconf 88' lang='lat' dir='ltr'>quid</span> <span class='ocrx_word' id='word_1_290' title='bbox 398 2114 527 2156; x_wconf 87' lang='lat' dir='ltr'>postea</span> <span class='ocrx_word' id='word_1_291' title='bbox 545 2107 689 2145; x_wconf 87' lang='lat' dir='ltr'>factum</span> <span class='ocrx_word' id='word_1_292' title='bbox 709 2108 768 2145; x_wconf 90' lang='lat' dir='ltr'>sit.</span> 
     </span>
    </p>

    <p class='ocr_par' dir='ltr' id='par_1_4' title="bbox 215 2157 1280 2213">
     <span class='ocr_line' id='line_1_39' title="bbox 215 2157 1280 2213; baseline 0.001 -18"><span class='ocrx_word' id='word_1_293' title='bbox 215 2157 264 2195; x_wconf 91' lang='lat' dir='ltr'>In</span> <span class='ocrx_word' id='word_1_294' title='bbox 297 2159 465 2209; x_wconf 88' lang='lat' dir='ltr'>gestione</span> <span class='ocrx_word' id='word_1_295' title='bbox 495 2168 624 2200; x_wconf 87' lang='lat' dir='ltr'>autem</span> <span class='ocrx_word' id='word_1_296' title='bbox 653 2161 810 2212; x_wconf 84' lang='lat' dir='ltr'>negotii,</span> <span class='ocrx_word' id='word_1_297' title='bbox 845 2161 932 2213; x_wconf 86' lang='lat' dir='ltr'>(qui</span> <span class='ocrx_word' id='word_1_298' title='bbox 960 2161 1066 2200; x_wconf 88' lang='lat' dir='ltr'>locus</span> <span class='ocrx_word' id='word_1_299' title='bbox 1095 2157 1280 2199; x_wconf 86' lang='lat' dir='ltr'>secundus</span> 
     </span>
    </p>
   </div>
  </div>
 </body>
</html>
