1407 2308
248 93 327 133 DE
355 93 649 144 ORATORE,
680 94 779 133 Lm.
800 94 858 133 ΙΙ.
888 94 992 134 CAP.
1013 95 1076 133 51.
1132 94 1212 132 245

114 201 228 240 istam
264 200 368 240 enim
403 202 526 253 ipsam
562 200 919 240 demonstrationem
955 200 1221 240 defensionum

116 261 285 303 tuarum,
305 256 373 292 abs
390 262 427 292 te
445 255 527 306 ipso
546 263 893 304 commemoratam,
914 254 1124 293 doctrinam
1144 267 1222 292 esse

116 319 194 346 non
224 306 450 346 mediocrem
475 315 580 359 puto.
627 308 766 359 Atqui,
794 309 825 346 si
848 309 902 346 ita
929 309 1065 359 placet,
1094 307 1221 357 inquit

116 360 325 407 Antonius,
341 361 532 399 trademus
547 362 674 409 etiam,
691 375 776 412 quae
790 374 857 399 nos
872 362 977 412 sequi
992 361 1030 398 in
1046 361 1218 408 dicendo,

118 426 280 465 quaeque
293 415 460 452 maxime
474 422 652 465 spectare,
673 415 858 452 solemus:
881 414 1007 452 docuit
1022 414 1121 452 enim
1138 414 1220 462 jam

118 479 188 505 nos
212 467 327 517 longa
345 467 421 504 vita
438 481 604 519 ususque
623 481 750 506 rerum
768 468 1038 515 maximarum,
1059 474 1116 515 ut,
1138 466 1224 517 qui-

119 521 193 560 bus
211 521 322 557 rebus
341 521 460 558 animi
479 521 679 559 hominum
698 528 951 570 moverentur,
973 528 1194 558 teneremus.

176 572 249 610 LI.
277 573 470 624 Equidem
498 574 668 625 primum
695 575 926 612 considerare
954 574 1067 620 soleo,
1095 580 1226 624 postu-

122 625 224 664 letne
250 639 387 664 causa:
417 639 509 664 nam
527 640 650 679 neque
672 628 797 678 parvis
816 628 856 665 in
874 630 985 665 rebus
1004 626 1226 664 adhibendae

124 685 213 717 sunt
226 679 286 717 hae
304 679 453 717 dicendi
470 680 582 729 faces,
603 694 725 732 neque
739 681 980 727 itaanimatis
994 680 1226 727 hominibus,

125 738 170 770 ut
195 732 291 770 nihil
317 733 366 770 ad
391 746 521 771 eorum
545 741 689 772 mentes
714 735 879 772 oratione
898 733 1096 771 flectendas
1116 732 1230 783 profi-

127 798 208 824 cere
226 785 438 836 possimus;
467 799 515 824 ne
533 795 600 825 aut
617 787 786 825 irrisione
805 794 871 825 aut
889 787 974 825 odio
992 786 1098 836 digni
1118 793 1230 836 pute-

128 851 229 887 mur,
260 839 290 876 si
309 846 375 876 aut
394 840 590 890 tragoedias
615 854 773 891 agamus
791 841 831 877 in
850 840 975 889 nugis,
997 846 1062 876 aut
1081 839 1230 876 convel-

129 892 206 929 lere
239 891 453 930 adoriamur
484 906 541 941 ea,
579 907 665 944 quae
701 906 777 931 non
812 894 956 944 possint
992 892 1231 930 commoveri.

132 944 255 1004 Nam,
284 945 465 996 quoniam
490 946 571 984 haee
595 946 672 984 fere
696 946 864 984 maxime
890 952 978 984 sunt
1003 946 1043 983 in
1059 945 1234 994 judicum

132 997 270 1036 animis
297 1000 392 1046 (aut,
421 999 653 1050 quicumque
677 999 736 1037 illi
760 1007 883 1046 erunt,
911 999 1014 1050 apud
1036 1011 1130 1049 quos
1148 1011 1235 1048 age-

132 1057 237 1097 mus)
267 1051 433 1089 oratione
460 1053 664 1100 molienda,
695 1066 816 1101 amor,
848 1053 993 1100 odium,
1024 1051 1233 1099 iracundia,

133 1103 291 1164 invidia,
310 1104 575 1154 misericordia,
607 1119 704 1156 spes,
725 1106 868 1153 laetitia,
889 1106 1015 1153 timor,
1036 1104 1231 1142 molestia·
1220 1133 1232 1150 ,

132 1157 317 1196 sentimus
342 1170 510 1196 amorem
535 1159 737 1208 conciliari,
766 1159 797 1197 si
823 1159 862 1196 id
885 1159 1046 1218 videare,
1067 1157 1169 1209 quod
1188 1158 1235 1195 sit

132 1209 226 1248 utile
251 1210 356 1261 ipsis,
385 1212 488 1262 apud
513 1225 607 1263 quos
633 1225 736 1273 agas,
763 1211 986 1257 defendere3
1016 1211 1046 1249 si
1074 1218 1140 1248 aut
1167 1223 1236 1261 pro

131 1263 240 1304 bonis
254 1276 307 1301 vr
279 1263 357 1312 rie,
373 1272 440 1302 aut
454 1272 550 1303 certe
563 1278 632 1316 pro
649 1266 696 1303 iis
714 1265 782 1316 qui
800 1265 874 1302 11113
888 1264 979 1303 boni
997 1271 1110 1315 atque
1124 1264 1236 1302 utiles

134 1316 223 1363 sint,
243 1316 435 1355 laborare.
465 1330 632 1369 namque
648 1319 729 1356 haec
747 1331 804 1356 res
822 1331 990 1356 amorem
1009 1317 1130 1367 magis
1148 1329 1237 1354 con-

134 1368 251 1417 ciliat,
279 1370 346 1407 illa
364 1371 511 1408 virtutis
529 1371 694 1409 detensio
714 1371 933 1416 caritatem3
963 1371 1124 1421 plusque
1149 1383 1236 1420 pro-

135 1421 228 1469 ficit,
256 1422 288 1460 si
306 1424 527 1473 proponitur
545 1437 628 1474 spes
646 1424 818 1462 utilitatis
836 1424 988 1471 futurae,
1009 1436 1124 1474 quam
1143 1436 1239 1473 prae-

137 1474 237 1512 teriti
265 1476 437 1514 beneficii
469 1477 786 1515 commemoratio.
832 1477 1069 1514 Enitendum
1098 1483 1166 1524 est,
1196 1483 1240 1514 ut

137 1528 323 1577 ostendas,
352 1529 392 1567 in
423 1543 467 1567 ea
496 1543 535 1568 re
564 1543 680 1581 quam
706 1530 897 1578 defendas,
924 1536 991 1568 aut
1016 1529 1239 1579 dignitatem

138 1580 272 1629 inesse,
301 1589 368 1620 aut
395 1583 623 1628 utilitatem3
654 1596 831 1634 eumque,
860 1583 922 1621 cui
948 1583 1119 1621 concilies
1137 1583 1240 1620 hunc

138 1646 322 1683 amorem,
338 1635 522 1696 significes
536 1613 631 1674 nihi'l
645 1637 694 1674 ad
708 1637 910 1674 utilitatem
929 1649 1035 1674 suam
1055 1635 1238 1696 retulisse,

139 1699 183 1725 ac
207 1687 305 1725 nihil
329 1689 484 1727 omniuo
509 1689 638 1728 fecisse
663 1690 776 1728 causa
800 1703 881 1728 sua.
923 1689 1120 1727 Invidetur
1139 1689 1242 1726 enim

140 1740 348 1779 commodis
366 1741 594 1780 hominum
583 1756 778 1794 1psorum;
809 1743 941 1781 studiis
963 1749 1090 1780 autem
1110 1754 1241 1780 eorum

139 1794 282 1832 caeteris
300 1796 564 1834 commodandi
577 1796 736 1834 favetur.
764 1796 1062 1847 Videndumque
1076 1795 1147 1833 hoc
1161 1795 1243 1832 loco

141 1854 211 1895 est,
244 1859 306 1896 ne,
339 1861 433 1899 quos
461 1851 510 1887 ob
541 1849 736 1888 benefacta
763 1849 870 1910 diligi
899 1850 1083 1896 volemus,
1113 1861 1243 1886 eorum

143 1899 297 1939 laudem
327 1909 441 1953 atque
469 1903 628 1952 gloriam
655 1903 733 1946 (cui
759 1903 927 1940 maxime
951 1901 1110 1940 invideri
1135 1901 1244 1949 solet)

141 1952 256 1992 nimis
274 1953 402 1992 efferre
421 1955 628 1993 videamur.
655 1956 789 2007 Atque
806 1956 941 1994 iisdem
958 1956 1018 1993 his
1038 1967 1084 1992 ex
1102 1954 1193 1992 locis
1208 1960 1245 1991 et

142 2005 309 2044 odium
298 2020 339 2044 m
365 2007 458 2046 alios
483 2016 624 2047 struere
649 2009 848 2058 discemus,
877 2016 914 2047 et
932 2022 955 2045 a
972 2008 1079 2045 nobis
1098 2020 1141 2044 ac
1160 2019 1246 2044 nos-

142 2058 209 2097 tris
226 2059 447 2099 demovere·
469 2062 675 2113 eademque
693 2063 773 2101 haec
790 2075 928 2113 genera
945 2059 1139 2099 tractanda
1156 2066 1246 2098 sunt

139 2109 182 2148 in
212 2110 408 2152 iracundia
438 2115 498 2153 vel
527 2115 726 2154 excitanda
757 2115 817 2154 vel
846 2113 1035 2153 sedanda·
1064 2125 1169 2162 nam,
1197 2113 1244 2173 31,

141 2164 274 2217 quod
262 2166 366 2219 ipsis,
385 2167 453 2220 qui
469 2168 645 2220 audiunt,
665 2168 917 2221 perniciosum
940 2174 1007 2206 aut
1029 2166 1165 2206 inutile
1182 2166 1245 2216 sit,

844 2231 871 2259 Y
899 2221 924 2259 3
