1429 2344
165 100 244 144 272
311 95 388 134 DE
418 91 713 141 ORATORE,
741 91 840 130 Lm.
858 91 918 129 ΙΙ.
949 90 1053 130 ΟΑΡ.
1072 91 1137 134 75.

165 206 287 244 ullam
306 214 481 253 assequor
499 200 664 238 laudem.
707 199 894 237 Homines
921 198 1022 236 enim
1041 195 1206 249 imperiti
1223 193 1279 232 fa-

167 259 290 306 cilius,
312 256 415 308 quod
433 255 546 293 stulte
564 252 717 300 dixeris,
732 252 1015 303 reprehendere,
1031 263 1162 303 quam,
1179 247 1282 300 quod

167 311 354 362 sapienter
371 308 544 355 tacueris,
564 306 719 344 laudare
737 312 906 356 possunt.
936 305 1015 343 Hic
1033 311 1221 356 quantum
1239 302 1283 341 fit

168 364 276 412 mali,
297 364 328 401 si
345 363 499 408 iratum,
521 361 552 398 si
570 373 646 398 non
671 359 844 406 stultum,
865 358 896 396 si
914 370 992 396 non
1009 358 1131 398 levem
1150 364 1282 395 testem

169 417 334 456 laeseris!
368 416 483 453 habet
510 413 613 451 enim
641 420 678 450 et
705 412 940 450 voluntatem
954 411 1126 449 'nocendi
1149 410 1189 447 in
1211 410 1284 447 ira-

172 470 326 517 cundia,
347 475 384 506 et
402 469 481 506 vim
500 467 541 505 in
559 466 724 517 ingenio,
745 472 782 503 et
800 464 948 515 pondus
965 464 1006 501 in
1025 463 1128 510 vit313
1152 475 1234 510 nec,
1256 463 1287 501 si

173 524 245 561 hoc
265 523 420 561 Crassus
439 533 514 559 non
535 519 751 565 committit,
771 519 855 556 ideo
873 530 950 555 non
971 517 1099 564 multi,
1120 524 1157 555 et
1174 530 1286 567 saepe,

173 576 429 616 committunt.
471 574 562 621 Quo
587 572 742 624 quidem
767 571 865 608 mihi
886 570 1006 609 videri
1027 570 1175 622 turpius
1193 570 1289 608 nihil

174 631 282 677 solet,
310 641 442 680 quam,
475 640 564 666 cum
593 639 641 664 ex
670 625 825 663 oratoris
851 624 950 662 dicto
973 624 1115 675 aliquo,
1139 630 1205 661 aut
1231 636 1289 661 re-

175 696 326 734 sponso,
354 689 420 720 aut
450 687 599 732 rogatu,
632 692 754 717 sermo
786 679 851 716 ille
879 677 1060 728 sequitur,
1093 679 1121 700 “
1142 676 1293 716 Occidit

176 737 282 775 ille.''
324 738 352 758 “
372 733 697 773 Adversariumne
710 733 756 771 ?''
797 734 825 754 “
846 731 976 769 Immo
1008 731 1139 780 vero,''
1168 730 1291 778 aiunt,

180 792 209 813 “
229 803 283 838 se,
305 796 342 827 et
361 801 450 826 eum
469 800 587 839 quem
605 785 814 824 defendit.'’

232 842 406 881 LXXV.
433 841 520 879 Hoc
535 841 692 879 Crassus
711 851 788 877 non
806 844 917 890 putat
934 837 1007 876 nisi
1024 837 1183 889 perfidia
1201 837 1296 876 acci-

179 898 268 935 dere
286 908 394 947 posse
409 910 419 933 z
445 907 515 945 ego
533 902 662 932 autem
681 893 886 943 saepissime
903 891 1012 930 video
1029 892 1070 929 in
1090 891 1209 930 causis
1227 891 1296 930 ali-

179 950 277 1002 quid
304 948 397 986 mali
430 948 550 986 facere
580 946 753 985 homines
785 945 945 983 minime
975 945 1109 983 malos.
1156 945 1264 993 Quid
1277 947 1296 984 ?

180 1003 293 1050 iliud,
314 1001 418 1054 quod
436 1014 550 1051 supra
568 1000 663 1048 dixi,
690 1000 808 1038 solere
825 1012 889 1036 me
907 998 1048 1046 cedere,
1076 1005 1126 1046 et,
1154 1005 1198 1036 ut
1215 999 1297 1049 pla·

181 1057 269 1095 nius
288 1056 426 1102 dicam,
446 1054 577 1105 fugere
596 1067 652 1101 ea,
673 1066 760 1104 quae
779 1051 888 1091 valde
906 1064 1060 1090 causam
1073 1064 1200 1090 meam
1214 1065 1300 1103 pre-

182 1116 355 1155 merent;
390 1121 478 1146 cum
506 1107 549 1145 id
576 1120 653 1145 non
684 1106 828 1144 faciunt
854 1105 933 1151 alii,
962 1113 1233 1157 versanturque
1259 1106 1300 1144 in

182 1163 352 1202 hostium
381 1161 523 1209 castris,
548 1174 591 1199 ac
616 1173 684 1199 sua
708 1159 882 1211 praesidia
905 1158 1127 1205 dimittunt3
1157 1159 1302 1198 medio-

184 1217 344 1256 criterne
362 1215 482 1254 causis
499 1221 648 1261 nocent,
669 1227 759 1252 cum
777 1220 844 1251 aut
868 1212 1165 1251 adversariorum
1191 1213 1301 1263 adju-

185 1277 316 1308 menta
334 1269 571 1315 confirmant,
592 1275 659 1305 aut
677 1280 734 1314 ea,
755 1279 841 1318 quae
859 1278 989 1304 sanare
1007 1273 1216 1317 nequeunt,
1237 1280 1303 1304 ex..

187 1324 357 1362 ulcerant
370 1325 388 1361 ἶ)
417 1321 556 1369 Quid?
581 1334 670 1359 curn
688 1332 948 1371 personarum,
968 1333 1063 1371 quas
1081 1319 1303 1369 defendunt,

187 1377 374 1415 rationem
391 1388 468 1413 non
486 1374 653 1420 habent3
684 1374 729 1423 si,
754 1387 840 1425 quae
865 1380 954 1410 sunt
971 1373 1011 1410 in
1029 1372 1088 1411 his
1105 1373 1303 1423 invidiosa,

189 1443 267 1469 non
281 1430 458 1480 mitigant
476 1427 729 1474 extenuando,
751 1427 829 1475 sed,
849 1426 1040 1464 laudando
1052 1433 1089 1464 et
1103 1426 1302 1476 efferendo,

187 1483 431 1522 invidiosiora
455 1481 624 1527 faciunt3
659 1488 847 1533 quantum
872 1480 913 1517 in
939 1493 982 1518 eo
1007 1480 1162 1518 tandem
1182 1481 1301 1519 mali!

191 1537 331 1584 Quid?
361 1537 392 1574 si
415 1536 456 1572 in
481 1535 654 1572 homines
678 1547 794 1581 caros,
819 1533 1087 1584 judicibusque
1101 1534 1304 1583 jucundos,

191 1590 274 1628 sine
298 1589 380 1627 ulla
403 1588 694 1640 praemunitione
715 1587 905 1635 orationis,
930 1587 1097 1625 acerbius
1120 1594 1157 1624 et
1175 1595 1305 1626 contu-

192 1642 385 1682 meliosius
403 1642 606 1687 invehare;
636 1653 763 1679 nonne
782 1642 848 1678 abs
867 1648 904 1678 te
922 1640 1067 1689 judices
1087 1640 1273 1679 abalienes
1287 1645 1305 1681 ?

193 1696 334 1744 Quid?
363 1695 408 1742 si,
432 1708 519 1746 quae
543 1695 636 1733 vitia
661 1701 727 1732 aut
748 1693 989 1732 incommoda
1014 1701 1103 1731 sunt
1120 1694 1161 1731 in
1179 1694 1307 1745 aliquo

191 1750 320 1800 judice
337 1761 429 1796 uno,
449 1755 516 1786 aut
534 1748 720 1798 pluribus,
742 1760 786 1785 ea
804 1755 860 1795 tu,
880 1746 921 1783 in
939 1747 1157 1785 adversariis
1175 1760 1309 1798 expro-

195 1803 354 1851 brando,
374 1814 451 1839 non
469 1801 673 1852 intelligas,
690 1808 726 1838 te
740 1800 780 1837 in
795 1800 942 1849 judices
955 1800 1103 1846 invehi3
1125 1800 1311 1840 mediocre

197 1863 395 1909 peccatum
415 1862 469 1893 est
484 1856 500 1892 ?
1280 1894 1283 1895 ⁷

252 1909 386 1958 Quid?
410 1908 455 1955 si,
475 1920 564 1946 cum
582 1921 650 1959 pro
668 1907 785 1944 altero
804 1906 919 1952 dicas,
938 1906 1046 1944 litem
1061 1914 1167 1944 tuam
1181 1907 1309 1957 facias,

198 1970 267 2001 aut
290 1964 401 2001 laesus
425 1961 576 2000 efferare
600 1960 810 2008 iracundia,
837 1972 988 1997 causam
1018 1960 1222 2011 relinquas,
1253 1963 1311 2001 ni-

199 2017 304 2055 hilne
332 2017 496 2054 noceas?
537 2014 585 2052 In
615 2027 692 2065 quo
723 2026 806 2064 ego,
831 2026 907 2051 non
930 2026 1007 2064 quo
1028 2012 1189 2052 libenter
1212 2017 1312 2055 male

201 2070 371 2118 audiam,
391 2068 457 2107 sed
479 2067 569 2119 quia
594 2080 664 2118 ego
682 2079 834 2105 causam
853 2078 929 2104 non
948 2066 1108 2105 libenter
1125 2067 1311 2120 relinquo,

200 2123 365 2161 nimium
389 2121 535 2173 patiens
562 2128 598 2159 et
622 2121 748 2159 lentus
771 2119 989 2165 existimor;
1018 2127 1075 2168 ut,
1095 2133 1183 2158 cum
1203 2129 1239 2160 te
1255 2123 1313 2174 ip.

200 2189 300 2223 sum,
327 2175 485 2227 Sulpici,
514 2175 779 2225 objurgabam,
803 2173 907 2225 quod
931 2173 1223 2213 ministratorem
1248 2190 1313 2228 pe-
