1428 2308
238 37 314 104 nE
335 62 721 114 INVENTIONE‚
753 64 906 103 L1n.1.
937 65 1120 104 cmm.
1176 68 1228 104 35

131 171 294 222 populus
308 171 516 210 Thebanus
541 171 580 209 id
605 171 815 222 patieturne
834 172 944 210 fieri?
973 172 1138 222 profecto
1156 185 1232 210 non

131 224 305 274 patietur.
348 224 464 271 Quod
482 238 570 275 ergo
588 225 747 264 adscribi
765 225 814 264 ad
831 226 954 275 legem
973 226 1076 263 nefas
1101 233 1168 274 est,
1195 227 1235 263 id

131 278 250 328 sequi,
277 278 385 328 quasi
403 277 632 328 adscriptum
659 278 719 326 sit,
747 285 889 316 rectum
909 278 1013 316 vobis
1032 278 1234 317 videatur?

132 331 236 368 Novi
262 338 422 368 vestram
447 331 760 381 intelligentia1n;
790 344 866 369 non
891 338 1012 382 potest
1029 331 1082 369 ita
1102 333 1241 381 videri,

128 383 285 432 judiees.
329 383 446 430 Quod
460 384 490 422 si
504 384 621 421 literis
636 385 770 435 corrigi
790 397 910 435 neque
925 386 972 422 ab
987 384 1053 422 isso
1071 397 1194 436 neque
1213 399 1235 422 a

132 436 236 474 vobis
255 437 441 487 scriptoris
460 437 632 475 voluntas
650 445 795 487 potest3
817 437 952 485 videte,
972 449 1019 475 ne
1036 439 1159 476 multo
1177 438 1236 475 in-

130 489 282 540 dignius
301 490 362 536 sit,
389 490 429 527 id
454 503 493 528 re
519 498 554 527 et
570 490 711 539 judicio
737 498 858 528 vestro
883 490 1037 537 mutari,
1064 492 1166 541 quod
1188 504 1236 529 ne

131 544 244 580 verbo
263 543 419 594 quidem
446 544 669 581 commutari
694 551 826 594 potest.
862 543 924 581 Ac
948 543 995 580 de
1020 543 1237 582 inductione

133 596 289 646 quidem
321 596 409 634 satis
441 596 480 633 in
513 597 710 647 praesentia
742 597 885 634 dictum
918 596 1076 635 videtur.
1120 598 1237 635 Nunc

133 649 307 700 deinceps
337 649 627 688 ratiocinationis
657 650 735 688 vim
765 657 801 688 et
830 656 1005 687 naturam
1031 650 1236 689 considere-

134 714 234 740 mus.

186 755 389 794 XXXIV.
411 755 663 794 Ratiocinatio
682 762 736 794 est
754 755 871 794 oratio
885 768 933 793 ex
947 755 1029 806 ipss
1043 769 1082 794 re
1100 758 1236 807 proba·
1282 774 1285 778 >

132 808 208 846 bile
222 809 368 860 aliquid
386 809 548 856 eliciens,
569 808 671 859 quod
690 810 917 859 expositum,
934 815 970 846 et
983 822 1049 859 per
1061 822 1098 847 se
1111 810 1237 859 cogni-

133 868 232 910 tum,
262 862 331 900 sua
356 875 395 900 se
414 862 451 900 vi
470 869 506 900 et
523 863 665 900 ratione
685 862 890 900 confirmet.
933 861 1020 899 Hoc
1038 861 1085 900 de
1103 875 1238 912 genere

132 915 200 966 qui
215 915 432 966 diligentius
446 915 757 953 considerandum
772 921 1012 965 putaverunt,
1033 928 1120 953 cum
1135 915 1236 953 idem

133 981 205 1005 usu
233 968 381 1007 dicendi
411 976 666 1019 sequerentur,
696 969 898 1019 paululum
925 967 965 1006 in
997 969 1237 1019 praecipiendi

133 1021 276 1059 ratione
289 1021 564 1060 dissenserunt:
581 1034 671 1059 nam
685 1021 823 1072 partim
838 1021 1006 1072 quinque
1021 1023 1101 1070 ejus
1114 1030 1238 1073 partes

133 1087 212 1112 esse
237 1074 429 1122 dixerunt,
457 1074 596 1125 partim
624 1087 699 1112 non
718 1075 804 1125 plus
824 1087 940 1125 quam
959 1075 999 1111 in
1018 1081 1090 1113 tres
1115 1082 1238 1126 partes

133 1141 241 1178 posse
273 1128 447 1166 distribui
477 1135 717 1179 putaverunt.
773 1127 921 1165 Eorum
949 1129 1235 1166 controversiam

134 1193 210 1218 non
225 1181 510 1219 incommodum
525 1181 685 1229 videtur,
705 1193 793 1219 cum
812 1188 1061 1232 utrorumque
1079 1182 1235 1229 ratione,

134 1247 344 1285 exponere:
373 1247 464 1272 nam
493 1241 529 1271 et
555 1234 677 1272 brevis
705 1241 772 1282 est,
802 1241 839 1272 et
866 1246 942 1272 non
970 1234 1168 1283 ejusmodi,
1195 1243 1238 1271 ut

133 1287 242 1325 alteri
256 1300 405 1339 prorsus
419 1287 516 1325 nihil
529 1287 650 1325 dicere
663 1294 843 1338 putentur
856 1301 868 1331 ς
889 1294 925 1324 et
938 1287 1042 1325 locus
1055 1287 1116 1325 hic
1130 1288 1238 1326 nobis

134 1340 176 1378 in
195 1340 352 1378 dicendo
369 1341 528 1378 minime
546 1340 793 1391 negligendus
812 1339 970 1378 videtur.

189 1393 271 1440 Qui
295 1399 432 1444 putant
454 1394 495 1430 in
521 1394 690 1444 quinque
714 1392 888 1430 distribui
911 1400 1034 1443 partes
1053 1399 1236 1444 oportere,

135 1446 258 1494 aiunt,
283 1447 453 1507 prirnum
479 1447 676 1484 convenire
701 1458 886 1496 exponere
910 1458 1101 1483 summam
1124 1460 1236 1497 argu-

136 1500 389 1548 mentationis,
418 1499 467 1537 ad.
490 1499 593 1537 hunc
617 1498 801 1537 modum:
831 1497 975 1537 Melius
1000 1507 1236 1547 accurantur,

137 1565 224 1604 quae
241 1553 395 1591 consilio
420 1560 615 1604 geruntur,
643 1565 761 1603 quam
786 1565 872 1603 quae
897 1552 976 1590 sine
1000 1553 1153 1591 consilio
1172 1553 1238 1590 ad-

136 1606 409 1644 ministrantur.
439 1605 553 1644 Hanc
571 1605 734 1656 primam
748 1612 893 1656 partem
908 1612 1132 1643 numerant:
1155 1619 1239 1644 eam

136 1659 311 1710 deinceps
325 1659 532 1697 rationibus
547 1658 671 1706 variis,
692 1665 729 1696 et
746 1671 862 1709 quam
875 1659 1136 1709 copiosissimis
1158 1672 1239 1697 ver-

137 1713 209 1761 bis,
238 1712 437 1764 approbari
461 1719 597 1763 putant
619 1719 800 1762 oportere,
827 1712 898 1750 hoc
921 1712 1058 1750 modo:
1089 1711 1240 1750 Domus

137 1779 194 1813 ea,
211 1778 296 1816 quae
309 1766 451 1804 ratione
464 1765 618 1816 regitur,
633 1765 809 1803 omnibus
822 1765 1036 1803 instructior
1049 1771 1103 1803 est
1114 1767 1240 1812 rebus,

137 1826 175 1856 et
193 1819 417 1869 apparatior,
438 1831 554 1870 quam
574 1831 630 1864 ea,
651 1831 736 1869 quae
753 1825 892 1856 temere
910 1825 947 1856 et
964 1818 1071 1856 nullo
1089 1819 1243 1856 consilio

138 1871 433 1909 administratur.
480 1871 680 1909 Exercitus
704 1871 750 1919 is,
777 1871 838 1909 cui
863 1870 1085 1922 praepositus
1104 1879 1158 1908 est
1183 1885 1241 1909 sa-

137 1924 245 1976 piens
270 1932 307 1962 et
331 1924 488 1963 callidus
505 1924 721 1975 imperator,
746 1925 922 1962 omnibus
946 1924 1114 1975 partibus
1140 1937 1242 1961 com-

137 1977 289 2016 modius
313 1978 469 2028 regitur,
497 1991 614 2029 quam
639 1977 685 2024 is,
706 1977 773 2028 qui
792 1976 952 2015 stultitia
975 1983 1012 2014 et
1036 1977 1244 2014 temeritate

139 2031 299 2080 alicujus
312 2031 606 2069 administratur.
634 2030 782 2068 Eadem
797 2030 937 2080 navigii
951 2030 1044 2067 ratio
1059 2035 1136 2066 est:
1154 2042 1243 2066 nam

141 2084 246 2121 navis
277 2084 419 2135 optime
446 2097 598 2122 cursum
626 2083 775 2121 conficit
802 2096 858 2129 ea,
890 2096 975 2134 quae
1002 2081 1246 2119 scientissimo

140 2138 389 2186 gubernatore
403 2137 534 2176 utitur.
575 2137 676 2176 Cum
696 2136 898 2188 propositio
912 2135 1043 2174 sithoc
1057 2141 1165 2186 pacto
1179 2148 1245 2186 ap-
