1429 2344
178 45 257 90 374
295 42 375 83 DE
396 45 601 84 CLARIS
621 44 1009 94 ORATORIBUS‚
1027 46 1131 86 CAP.
1145 46 1212 84 21.

181 159 260 190 tem
284 152 410 191 fuisse.
441 152 562 190 Filius
581 152 737 203 quidem
762 153 857 202 ejus,
884 152 930 200 is,
951 153 1019 205 qui
1041 153 1145 194 hunc
1163 153 1286 193 mino-

181 219 261 244 rem
281 207 495 257 Scipionem
514 220 536 243 a
555 206 678 244 Paulo
696 206 901 257 adoptavit,
922 206 954 245 si
978 220 1130 259 corpore
1148 208 1287 246 valuis-

184 268 251 308 set,
272 260 312 297 in
331 260 463 310 primis
481 260 633 297 habitus
659 266 754 297 esset
778 260 948 298 disertus.
989 261 1179 308 Indicant,
1200 274 1288 300 cum

183 314 443 361 oratiunculae,
475 320 559 351 tum
584 313 740 352 historia
771 314 946 364 quaedam
976 314 1123 365 Graeca,
1153 316 1290 367 scripta

185 367 412 405 dulcissime.

238 420 334 458 XX.
365 421 615 473 Numeroque
641 419 773 459 eodem
801 420 875 460 fuit
905 421 992 460 Sex.
1020 423 1162 471 AElius,
1193 422 1290 473 juris

187 474 343 525 quidem
371 475 489 513 civilis
516 475 690 512 omnium
718 473 979 525 peritissimus,
1009 476 1074 514 sed
1101 477 1215 515 etiam
1242 476 1292 515 ad

187 527 390 565 dicendum
409 536 573 579 paratus.
618 528 680 565 De
698 528 909 566 minoribus
934 536 1076 578 autem,
1097 531 1142 569 C.
1163 530 1292 581 Sulpi-

187 582 266 619 cius
287 582 435 628 Gallus,
457 582 523 633 qui
547 583 715 619 maxime
741 583 914 619 omnium
940 583 1128 622 nobilium
1148 584 1290 622 Graecis

185 635 302 672 literis
321 635 489 681 studuit3
519 635 626 686 isque
645 642 681 673 et
705 643 896 673 oratorum
914 635 955 673 in
973 649 1132 676 numero
1151 644 1206 676 est
1223 638 1292 676 ha-

187 689 303 735 bitus,
331 696 367 726 et
385 689 458 726 fuit
482 688 636 740 reliquis
662 690 773 727 rebus
799 696 966 736 ornatus,
987 698 1102 741 atque
1127 691 1290 743 elegans.

189 742 217 780 J
220 755 283 780 am
303 743 405 780 enim
424 749 502 780 erat
519 743 667 780 unctior
685 742 862 793 quaedam
881 743 1186 796 splendidiorque
1205 758 1295 783 con-

190 795 349 833 suetudo
367 796 571 847 loquendi:
602 809 707 844 nam,
723 796 794 834 hoc
816 804 973 847 praetore
992 797 1102 836 ludos
1117 797 1294 849 Apollini

189 849 362 896 faciente,
383 863 470 887 cum
489 850 683 900 Thyesten
702 850 873 887 fabulam
891 850 1089 897 docuisset,
1111 852 1162 900 Q.
1185 852 1296 889 Mar-

190 903 260 948 cio,
278 903 348 941 Cn.
364 903 521 941 Servilio
539 903 769 950 consulibus,
784 911 947 942 mortem
965 904 1059 942 obiit
1077 905 1240 944 Ennius.

245 956 340 993 Erat
351 956 484 994 iisdem
497 957 729 1007 temporibus
741 957 804 994 Ti.
821 957 1027 1005 Gracchus,
1041 958 1087 996 P.
1101 959 1146 996 F.
1161 959 1227 1010 qui
1238 959 1297 997 bis

190 1010 322 1047 consul
333 1017 369 1047 et
382 1023 509 1048 censor
520 1010 606 1056 fuit,
617 1011 724 1059 eujus
737 1017 791 1048 est
803 1010 920 1049 oratio
931 1011 1064 1049 Graeca
1075 1012 1178 1063 apud
1187 1012 1295 1050 Rho-

191 1063 297 1109 (lios3
328 1077 443 1114 quem
458 1064 577 1101 civem
597 1076 685 1100 cum
699 1077 866 1114 gravem,
887 1071 972 1102 tum
988 1065 1102 1103 etiam
1118 1067 1298 1117 eloquen-

191 1123 283 1163 tem,
298 1124 441 1154 constat
452 1117 576 1155 fuisse.
607 1117 651 1153 P.
669 1117 782 1155 etiam
795 1117 1010 1168 Scipionem
1022 1119 1064 1156 N
1065 1118 1218 1167 asicam,
1231 1119 1299 1171 qui

191 1178 246 1208 est
265 1170 472 1208 Corculum
490 1171 714 1221 appellatus,
736 1170 803 1221 qui
821 1171 914 1208 item
931 1171 990 1209 bis
1005 1173 1137 1211 consul
1155 1180 1192 1211 et
1211 1187 1297 1211 cen-

192 1237 252 1261 sor
270 1224 356 1270 fuit,
375 1224 551 1261 habitum
570 1224 807 1274 eloquentem
830 1222 993 1276 [aiunt],
1014 1225 1130 1274 illius,
1152 1227 1220 1278 qui
1239 1241 1297 1265 sa-

192 1289 255 1314 cra
273 1277 468 1327 acceperit,
488 1278 636 1314 fllium:
668 1278 782 1315 etiam
802 1277 849 1314 L.
872 1278 1099 1325 Lentulum,
1120 1280 1188 1330 qui
1207 1294 1296 1319 cum

194 1330 240 1368 C.
261 1330 400 1380 Figulo
420 1331 551 1368 consul
576 1330 673 1367 fuit:
705 1331 756 1379 Q.
784 1331 1037 1378 Nobiliorem,
1066 1332 1127 1370 M.
1155 1333 1200 1371 F.
1218 1335 1300 1383 jam

193 1384 316 1435 patrio
334 1384 506 1422 instituto
526 1384 697 1422 deditum
716 1383 840 1422 studio
857 1385 1075 1431 literarum3
1106 1387 1173 1438 qui
1187 1388 1300 1428 etiam

195 1438 247 1485 Q.
265 1437 453 1486 Ennium,
475 1438 542 1489 qui
561 1451 650 1475 cum
668 1445 774 1489 patre
793 1439 873 1487 ejus
891 1438 933 1476 in
951 1439 1098 1477 AEtolia
1115 1440 1304 1480 militave-

196 1499 269 1537 rat,
299 1491 449 1529 civitate
482 1492 650 1538 donavit,
691 1505 780 1529 cum
817 1492 993 1530 triumvir
1022 1493 1207 1532 coloniam
1240 1495 1304 1534 de-

197 1544 394 1582 duxisset:
426 1552 463 1582 et
481 1545 530 1582 T.
560 1545 739 1583 Annium
758 1546 943 1591 Luscum,
969 1547 1086 1596 hujus
1105 1547 1156 1594 Q.
1178 1548 1307 1587 Fulvii

197 1598 397 1647 collegam,
418 1611 494 1635 non
506 1598 730 1636 indisertum
742 1599 872 1637 dicunt
889 1599 1014 1638 fuisse.
1043 1599 1177 1652 Atque
1193 1601 1307 1640 etiam

199 1651 247 1688 L.
269 1651 429 1696 Paulus,
450 1651 624 1689 Africani
651 1660 770 1703 pater,
791 1666 989 1703 personam
1013 1653 1192 1705 principis
1218 1655 1308 1694 civis

199 1704 309 1742 facile
328 1704 485 1741 dicendo
511 1707 712 1752 tuebatur3
743 1714 779 1744 et
809 1718 895 1744 vero
921 1707 1035 1744 etiam
1059 1714 1143 1745 tum
1164 1707 1308 1747 Catone

201 1758 300 1802 vivo,
322 1757 389 1808 qui
407 1769 524 1796 annos
553 1759 723 1810 quinque
749 1766 785 1797 et
803 1760 992 1810 octoginta
1015 1767 1128 1798 natus
1153 1763 1310 1800 excessit

202 1823 223 1849 e
242 1810 333 1858 vita,
351 1823 438 1848 curn
454 1811 609 1862 quidem
628 1826 671 1850 eo
682 1812 764 1863 ipso
778 1825 877 1851 anno
892 1820 1021 1851 contra
1033 1814 1111 1851 Ser.
1127 1813 1309 1863 Galbam,

203 1864 252 1902 ad
279 1864 482 1915 populum,
511 1866 664 1903 summa
699 1866 935 1904 contentione
971 1867 1151 1913 dixisset3
1192 1882 1309 1920 quam

204 1917 319 1955 etiam
338 1917 545 1956 orationem
565 1920 742 1970 scriptam
761 1919 925 1971 reliquit.

257 1971 376 2008 XXI.
407 1971 495 2020 Sed,
517 1972 601 2010 vivo
621 1973 779 2020 Catone,
805 1974 970 2012 minores
988 1980 1081 2012 natu
1099 1974 1215 2013 multi
1232 1989 1311 2015 uno

207 2032 376 2075 tempore
390 2032 552 2063 oratores
567 2026 787 2065 floruerunt.
818 2027 925 2064 Nam
939 2035 976 2065 et
993 2027 1047 2066 A.
1061 2027 1245 2078 Albinus,
1265 2029 1311 2077 is,

205 2078 273 2128 qui
293 2078 424 2116 Graece
444 2078 588 2130 scripsit
601 2079 811 2128 historiam,
833 2080 900 2132 qui
919 2082 1049 2119 consul
1063 2095 1152 2120 cum
1166 2082 1214 2120 L.
1231 2082 1315 2121 Lu-

204 2131 306 2170 cullo
325 2131 412 2181 fuit,
434 2140 470 2171 et
483 2132 653 2173 literatus
668 2140 704 2173 et
724 2133 883 2174 disertus
901 2134 1000 2174 fuit:
1031 2142 1068 2174 et
1087 2135 1208 2176 tenuit
1227 2149 1315 2177 cum
