1429 2344
169 72 243 111 114
284 72 359 112 DE
391 73 778 123 INVENTIONE‚
810 75 988 115 L1n.11.
1019 76 1122 116 CAP.
1144 70 1207 115 512

170 180 400 231 telligantur.
460 181 602 221 Contra
641 183 977 234 ratiocinationem,
1019 181 1282 246 hujuscemodi

171 235 425 284 conjecturam
454 236 528 273 div
519 236 724 274 mationem
752 250 858 275 esse·
846 265 858 283 ‚
897 245 933 276 et
960 238 1066 275 stulti
1093 237 1282 288 scriptoris

172 301 263 336 esse,
298 301 373 327 non
406 302 514 340 posse
545 290 723 329 omnibus
755 290 803 329 de
830 293 941 330 rebus
969 304 1112 340 cavere,
1144 291 1284 343 quibus

174 341 275 379 velit.

228 395 299 433 LI.
331 395 514 434 Definitio
532 404 600 444 est,
621 410 709 436 cum
728 397 768 436 in
788 398 925 451 scripto
946 400 1105 437 verbum
1131 397 1285 449 aliquod

174 456 230 486 est
248 449 428 500 positum,
449 451 558 500 cujus
576 451 623 489 de
647 452 685 489 vi
711 452 906 503 quaeritur,
925 452 998 490 hoc
1014 451 1153 490 modo:
1185 452 1285 499 Lex,

176 505 204 524 ‘
193 501 323 548 “Qui
313 515 353 540 m
365 503 521 541 adversa
532 512 754 555 tempestate
765 506 894 543 navim
908 505 1142 556 reliquerint
1158 505 1287 542 omnia

174 556 402 594 amittunto.
434 570 564 595 eorum
583 558 689 596 navis
709 566 745 596 et
763 571 876 597 onera
894 566 1020 607 sunto,
1045 558 1112 610 qui
1133 559 1173 596 in
1199 558 1288 595 navi

174 610 462 648 remanserint?
503 611 594 649 Duo
612 611 784 663 quidam,
805 625 894 651 cum
916 613 999 661 jam
1023 611 1064 649 in
1087 612 1164 650 alto
1181 611 1288 649 navi-

173 671 319 712 garent,
349 671 386 701 et
410 677 498 702 cum
529 678 659 703 eorum
689 666 842 704 alterius
867 666 987 714 navis,
1013 665 1166 703 alterius
1193 677 1290 703 onus

174 724 282 764 esset,
309 718 539 769 naufragum
558 720 765 770 quemdam
784 727 994 767 natantem,
1018 726 1056 756 et
1077 731 1216 756 manus
1240 717 1288 756 ad

175 783 214 808 se
242 771 473 820 tendentem,
500 773 870 811 animadverterunt:
905 772 1161 810 misericordia
1186 784 1289 810 com-

175 824 285 871 moti,
305 825 434 863 navim
453 826 502 863 ad
521 839 609 864 eum
628 827 935 877 applicaverunt:
964 826 1161 864 hominem
1179 825 1228 863 ad
1250 838 1289 863 se

177 878 422 916 sustulerunt.
471 880 606 918 Postea
635 881 843 941 aliquanto,
877 881 978 932 ipsos
1009 892 1162 932 quoque
1191 886 1288 917 tem-

176 938 299 981 pestas
318 933 576 971 vehementius
592 935 733 982 jactare
751 934 874 985 coepit,
895 947 1017 986 usque
1035 933 1143 982 adeo,
1162 940 1207 971 ut
1220 932 1287 970 do-

176 985 304 1023 minus
322 986 441 1035 navis,
462 1000 551 1025 cum
569 987 671 1025 idem
686 990 915 1038 gubernator
929 995 1036 1035 esset,
1051 987 1091 1024 in
1107 986 1285 1037 scapham

176 1039 407 1090 confugeret,
429 1047 465 1078 et
490 1040 578 1079 inde
601 1041 786 1089 funiculo,
808 1041 889 1093 qui,
910 1054 933 1078 a
953 1041 1075 1092 puppi
1093 1040 1287 1091 religatus,

176 1093 354 1143 scapham
387 1106 576 1132 annexam
609 1095 794 1143 trahebat,
823 1094 967 1143 navim,
996 1094 1123 1146 quoad
1149 1100 1287 1145 posset,

176 1146 458 1194 moderaretur3
482 1148 547 1186 ille
566 1156 708 1197 autem,
729 1150 838 1197 cujus
856 1161 998 1187 merces
1012 1155 1132 1195 erant,
1152 1148 1193 1185 in
1207 1147 1289 1198 gla-

176 1199 283 1237 dium
302 1200 444 1239 ibidem
464 1201 709 1240 incumberet.
745 1203 825 1241 Hic
842 1203 908 1240 ine
924 1201 1132 1252 naufragus
1151 1201 1200 1239 ad
1217 1214 1290 1251 gu-

176 1255 424 1292 bernaculum
449 1256 615 1303 accessit,
642 1263 679 1294 et
703 1256 805 1303 navi,
830 1255 956 1307 quoad
974 1255 1112 1306 potuit,
1134 1262 1189 1293 est
1207 1254 1289 1305 opi-

177 1308 332 1346 tulatus.
375 1308 522 1347 Sedatis
541 1317 668 1348 autem
695 1310 886 1358 fluctibus,
907 1317 944 1348 et
965 1315 1185 1360 tempestate
1206 1308 1289 1356 jam

175 1363 424 1409 commutata,
444 1363 550 1401 navis
567 1363 608 1400 111
626 1371 779 1415 portum
794 1363 1024 1415 pervehitur.
1054 1362 1127 1400 Ille
1145 1368 1288 1408 autem,

176 1415 244 1466 qui
262 1415 302 1452 in
321 1416 492 1466 gladium
513 1417 748 1464 incubuerat,
769 1417 900 1454 leviter
919 1417 1081 1464 saucius,
1101 1415 1211 1454 facile
1235 1421 1291 1452 est

177 1482 225 1506 ex
254 1469 409 1508 vulnere
436 1479 631 1508 recreatus.
681 1471 840 1519 Navim,
874 1483 962 1508 cum
995 1482 1121 1518 onere,
1151 1470 1287 1507 horum

177 1522 293 1560 trium
312 1536 421 1561 suam
441 1524 602 1575 quisque
620 1538 697 1563 esse
716 1524 818 1562 dicit.
848 1525 929 1562 Hic
945 1536 1077 1561 omnes
1091 1522 1228 1574 scripto
1241 1521 1290 1559 ad

177 1589 328 1614 causam
348 1577 554 1623 accedunt3
586 1585 622 1615 et
641 1591 688 1616 ex
707 1578 872 1615 nominis
889 1577 928 1615 vi
952 1576 1117 1615 nascitur
1142 1583 1289 1615 contro-

177 1629 322 1667 versia:
361 1643 451 1668 nam
485 1638 522 1669 et
548 1632 760 1682 relinquere
785 1644 937 1677 navem,
966 1638 1004 1669 et
1030 1642 1223 1668 remanere
1249 1629 1289 1666 in

178 1683 279 1730 navi,
300 1684 463 1735 denique
482 1685 588 1722 navis
606 1685 688 1736 ipsa
702 1685 795 1735 quid
811 1685 871 1729 sit,
887 1683 1169 1721 definitionibus
1183 1696 1288 1734 quae-

178 1737 283 1775 ritur.
325 1737 467 1776 Iisdem
493 1746 620 1776 autem
647 1751 694 1776 ex
716 1738 808 1776 locis
825 1737 1017 1786 omnibus,
1037 1736 1178 1789 quibus
1196 1737 1288 1774 defi-

171 1791 296 1828 nitiva
314 1791 543 1837 constitutio,
564 1791 795 1830 tractabitur.

233 1845 400 1891 Nunc,e
381 1846 559 1897 expositis
577 1845 622 1883 iis
640 1845 1044 1895 argumentationibus,
1065 1857 1151 1895 quae
1168 1844 1208 1881 in
1224 1844 1288 1904 ju-
1309 1847 1311 1849 ’

177 1898 312 1936 diciale
331 1912 529 1936 causarum
548 1911 668 1949 genus
687 1898 1034 1945 accommodantur,
1053 1897 1257 1948 deinceps
1245 1909 1285 1935 m

177 1952 465 1990 deliberativum
495 1965 614 2003 genus
644 1960 681 1990 et
705 1952 1057 1999 demonstrativum,
1085 1962 1288 2001 argumen-

177 2006 283 2043 tandi
310 2006 409 2044 locos
437 2014 473 2044 et
497 2014 683 2057 praecepta
704 2005 904 2044 dabimus·
893 2034 904 2051 ,
939 2017 1015 2042 non
1038 2017 1115 2055 quo
1142 2017 1217 2042 non
1246 2005 1286 2041 in

178 2060 309 2111 aliqua
337 2060 601 2098 constitutione
632 2060 755 2097 omnis
783 2072 929 2110 semper
956 2071 1068 2096 causa
1094 2067 1286 2102 versetu13

179 2113 240 2150 sed
276 2113 366 2164 quia
397 2114 538 2166 proprii
571 2121 696 2151 tamen
730 2113 866 2151 harum
899 2124 1096 2150 causarum
1129 2111 1286 2163 quidam

176 2167 273 2206 lom
269 2174 369 2216 511111,
391 2179 467 2206 non
494 2181 514 2206 a
542 2167 804 2207 constitutione
832 2166 1004 2218 separati,
1032 2165 1095 2206 sed
1121 2165 1170 2205 ad
1193 2165 1287 2204 fines
