1407 2324
219 105 295 147 DE
315 105 520 146 CLARIS
539 105 927 156 ORATORIBUS,
947 107 1050 146 CAP.
1065 109 1128 146 62.
1177 111 1253 148 413

145 212 311 253 officium
330 213 485 263 deesset,
505 220 542 252 et
555 213 728 264 flagraret
741 213 866 252 studio
879 214 1041 262 dicendi,
1104 228 1253 267 rpaucae

146 266 195 305 ad
227 280 316 306 eum
344 279 466 305 causae
497 266 770 305 deferebantur.
818 266 957 306 Orator
985 276 1127 317 autem,
1158 269 1253 307 vivis

147 321 229 369 ejus
240 320 463 372 aequalibus,
475 320 671 371 proximus
682 320 833 370 optimis
843 323 1126 370 numerabatur,
1139 335 1253 373 prop-

146 379 204 411 ter
222 376 422 412 verborum
440 374 661 420 bonitatem,
681 382 724 410 ut
748 381 835 411 ante
860 374 953 418 dixi,
978 382 1014 412 et
1038 376 1252 426 expeditam

145 438 190 464 ac
200 427 450 477 profluentem
464 426 743 478 quodammodo
757 427 994 465 celeritatem.
1023 428 1158 478 Itaque
1172 430 1254 477 ejus

145 479 331 518 orationes
349 480 604 531 adspiciendas
621 487 748 517 tamen
767 493 908 518 censeo.
948 482 1046 519 Sunt
1070 481 1145 518 illae
1168 482 1253 533 qui-

146 531 235 570 dem
265 534 544 584 languidiores:
581 541 840 571 verumtamen
869 542 1026 584 possunt
1051 547 1187 585 augere
1215 543 1252 573 et

147 586 255 636 quasi
273 587 371 624 alere
388 587 428 624 id
446 589 603 633 bonum,
624 586 726 637 quod
743 587 783 624 in
801 587 867 624 illo
885 587 1119 625 mediocriter
1137 588 1251 626 fuisse

147 639 406 684 concedimus;
432 640 533 690 quod
550 640 664 677 habet
680 647 826 677 tantam
845 640 936 685 vim,
957 648 1000 677 ut
1018 641 1154 687 solum,
1171 642 1251 679 sine

147 691 244 739 aliis,
270 692 310 730 in
337 692 501 731 Curione
526 693 686 743 speciem
710 692 864 731 oratoris
890 694 1049 742 alicujus
1077 694 1248 733 effecerit.

147 745 222 783 Sed
241 745 288 783 ad
306 746 479 784 instituta
496 746 703 783 redeamus.

199 798 338 836 LXII.
363 800 411 837 In
431 799 560 837 eodem
579 799 694 850 igitur
711 811 870 837 numero
889 800 1057 849 ejusdem
1069 800 1188 838 aetatis
1201 801 1246 839 C.

147 850 271 889 Carbo
288 852 375 899 fuit,
394 852 496 890 fflius
515 852 808 903 eloquentissimi
827 853 897 890 viri
920 853 1034 900 filius,
1058 866 1135 890 non
1160 854 1249 891 satis

145 912 276 942 acutus
295 912 437 949 oraton
463 905 527 943 sed
540 914 667 942 tamen
682 914 804 943 orator
821 914 1040 944 numeratus
1059 914 1124 944 est.
1153 907 1249 945 Erat

144 956 184 994 in
203 958 324 996 verbis
342 959 529 1009 gravitas;
557 966 593 996 et
610 958 718 996 facile
737 959 906 1004 dicebat3
934 967 971 997 et
989 960 1246 998 auctoritatem

143 1011 353 1048 naturalem
373 1011 579 1062 quamdam
597 1012 760 1049 habebat
772 1012 900 1050 oratio.
930 1012 1091 1050 Acutior
1103 1013 1152 1060 Q.
1167 1013 1246 1051 Va-

142 1063 221 1101 rius
238 1066 350 1102 rebus
367 1064 612 1113 inveniendis,
632 1077 700 1102 nec
725 1064 852 1103 minus
877 1066 999 1104 verbis
1024 1066 1245 1116 expeditus:

140 1116 246 1156 fortis
274 1131 360 1156 vero
387 1126 502 1166 actor,
532 1126 568 1156 et
596 1118 809 1165 vehemens,
839 1126 876 1156 et
901 1119 1022 1157 verbis
1047 1132 1115 1157 nec
1137 1119 1246 1170 inops

141 1181 209 1208 nec
227 1171 408 1220 abjectus,
428 1178 465 1208 et
483 1184 598 1222 quem
617 1172 729 1222 plane
746 1178 930 1209 oratorem
944 1172 1065 1210 dicere
1079 1172 1245 1210 auderes.

140 1222 212 1261 Cn.
230 1223 464 1275 Pomponius
488 1225 667 1262 lateribus
692 1236 880 1275 pugnans,
907 1225 1066 1263 incitans
1084 1225 1244 1274 animos,

140 1289 236 1322 acer,
256 1279 424 1324 acerbus,
444 1277 676 1315 criminosus.

193 1329 368 1368 Multum
387 1331 436 1368 ab
453 1331 498 1368 iis
517 1332 644 1368 aberat
664 1331 711 1368 L.
732 1330 890 1375 Fufius;
920 1337 1047 1368 tamen
1073 1344 1119 1368 ex
1138 1344 1246 1369 accu-

136 1382 282 1421 satione
301 1383 360 1420 M.
374 1383 540 1434 Aquillii
554 1383 758 1434 diligentia-2·
771 1383 938 1422 fructum
952 1391 1108 1435 ceperat.
1139 1385 1243 1422 Nam

143 1434 204 1474 M.
231 1435 418 1484 Drusum,
451 1444 562 1474 tuum
594 1449 777 1487 magnum
811 1438 1056 1485 avunculum,
1089 1450 1243 1487 gravem

139 1496 340 1535 oratorem,
371 1489 424 1526 ita
452 1489 637 1527 duntaxat
668 1503 757 1527 cum
783 1490 830 1528 de
858 1491 1049 1540 republica
1076 1490 1240 1536 diceret;

142 1540 189 1579 L.
203 1549 329 1580 autem
343 1542 550 1580 Lucullum
562 1543 675 1581 etiam
687 1551 841 1580 acutum
852 1557 863 1588 ς
883 1551 1104 1594 patremque
1115 1550 1241 1591 tuum,

141 1595 274 1643 Brute,
291 1596 386 1644 juris
405 1608 569 1646 quoque,
594 1604 631 1634 et
648 1597 804 1646 publici,
831 1605 867 1634 et
885 1597 1021 1647 privati
1039 1609 1127 1634 sane
1145 1597 1243 1647 peri-

139 1654 223 1686 tum
240 1662 252 1694 ;
293 1649 353 1686 M.
385 1649 608 1696 Lucullum,
641 1649 701 1686 M.
723 1649 942 1698 Octavium,
976 1650 1048 1688 Cn.
1080 1650 1125 1687 F.
1158 1650 1242 1700 (qui

138 1708 288 1739 tantum
307 1702 524 1740 auctoritate
542 1702 773 1754 dicendoque
791 1703 923 1751 valuit,
939 1711 982 1741 ut
996 1704 1119 1753 legem
1134 1704 1242 1741 Sem-

137 1755 310 1805 proniam
340 1755 626 1793 frumentariam
657 1756 789 1806 populi
820 1756 1026 1807 frequentis
1055 1756 1242 1806 suffragiis

139 1809 404 1858 abrogaverit),
439 1808 509 1846 Cn.
534 1808 753 1857 Octavium,
787 1809 848 1846 M.
876 1809 937 1858 R,
967 1809 1027 1847 M.
1056 1809 1240 1846 Catonem

138 1868 298 1911 patrem,
329 1861 380 1908 Q.
408 1862 521 1899 etiam
550 1861 734 1900 Catulum
763 1862 900 1909 filium,
932 1863 1164 1900 abducamus
1193 1875 1240 1899 ex

137 1914 229 1962 acie,
256 1915 297 1952 id
323 1921 392 1961 est,
420 1928 444 1952 a
466 1915 642 1964 judiciis3
677 1922 714 1954 et
739 1916 779 1953 in
804 1916 985 1966 praesidiis
1009 1915 1240 1966 reipublicae,

138 1967 199 2006 cui
216 1967 325 2006 facile
342 1967 551 2007 satisfacere
567 1969 724 2020 possint,
739 1970 974 2007 collocemus.

192 2019 339 2059 Eodem
358 2021 409 2068 Q.
426 2020 644 2072 Caepionem
658 2022 848 2068 referrem,
869 2022 954 2068 nisi,
975 2021 1088 2059 nimis
1107 2033 1238 2072 eques-

141 2074 189 2111 tri
217 2073 339 2112 ordini
363 2074 525 2122 deditus,
545 2088 568 2113 a
593 2082 722 2113 senatu
743 2075 963 2113 dissedisset.
1004 2075 1076 2113 Cn.
1099 2074 1240 2112 Carbo-

140 2137 242 2173 nem,
264 2127 323 2165 M.
345 2127 532 2175 Marium,
560 2136 597 2166 et
622 2141 669 2166 ex
695 2128 826 2166 eodem
852 2140 988 2179 genere
1013 2127 1237 2178 complures,

139 2179 296 2220 minime
319 2180 453 2231 dignos
474 2181 658 2232 elegantis
684 2184 887 2219 conventus
905 2181 1073 2229 auribus,
1094 2180 1241 2231 aptissi-

789 2237 811 2271 2
837 2245 863 2270 x
895 2236 919 2270 3
