1407 2324
176 67 251 106 DE
272 67 477 107 CLARIS
497 67 886 116 ORATORIBUS,
909 68 1013 106 CAP·
1030 70 1094 105 25.
1123 69 1204 112 379

109 180 208 211 stant
237 175 435 212 amborum
465 175 658 213 orationes.
706 175 876 226 Simplex
906 174 1060 226 quidem
1091 175 1137 212 11.
1170 182 1207 212 et

110 226 310 277 antiquus:
333 228 398 278 Sp.
419 236 545 265 autem
565 228 682 265 nihilo
701 229 763 266 ille
778 228 930 279 quidem
946 228 1121 273 ornatior,
1142 228 1206 265 sed

110 286 236 316 tamen
269 280 498 318 adstrictior:
533 280 606 317 fuit
637 281 737 318 enim
770 282 900 319 doctus
932 294 977 318 ex
1010 281 1207 330 disciplina

112 332 335 370 Stoicorum.
377 333 516 370 Multae
534 341 621 370 sunt
640 334 704 384 Sp.
726 334 860 371 Albini
879 334 1072 371 orationes.
1108 334 1206 371 Sunt

112 384 224 422 etiam
246 386 292 423 L.
314 393 349 423 et
372 386 415 424 C.
436 387 682 423 Aureliorum
703 386 939 433 Orestarum,
966 399 1060 437 quos
1078 386 1206 437 aliquo

114 437 220 476 video
238 439 277 475 in
296 451 452 476 numero
470 447 659 476 oratorum
678 439 802 477 fuisse.

167 491 212 528 P.
233 492 345 529 etiam
374 492 559 543 Popillius
586 505 672 529 cum
699 492 787 530 civis
813 492 996 542 egregius,
1019 499 1101 530 tum
1127 504 1203 530 non

112 543 311 582 indisertus
328 544 412 582 fuit.
449 545 493 582 C.
515 557 614 591 vero,
634 546 733 582 filius
752 546 846 594 ejus,
867 545 1035 583 disertus.
1072 545 1205 583 Caius-

113 609 187 646 que
212 597 429 636 Tuditanus
454 610 541 636 cum
566 599 671 635 omni
689 599 766 636 vita
785 606 896 648 atque
915 599 1015 635 victu
1034 599 1205 636 excultus

112 656 225 700 atque
243 651 441 701 expolitus,
461 659 544 688 tum
564 652 644 699 ejus
662 652 811 711 elegans
829 658 882 688 est
900 651 1072 688 habitum
1091 651 1204 688 etiam

111 703 286 741 orationis
304 716 433 768 genus.
475 704 724 754 Eodemque'
714 716 753 741 in
772 717 904 754 genere
921 711 975 741 est
993 704 1167 741 habitus
1153 716 1203 764 is,

114 755 194 805 qui,
214 756 355 816 injuria
379 758 542 817 accepta,
562 756 673 807 fregit
691 757 753 794 Ti.
771 757 983 794 Gracchum
1007 756 1202 806 patientia,

112 808 202 846 civis
219 809 259 846 in
277 811 387 847 rebus
406 810 556 860 optimis
580 810 910 855 constantissimus,
932 809 991 846 M.
1009 809 1202 847 Octavius.

114 861 172 898 At
196 874 282 899 vero
308 863 368 899 M.
389 863 569 900 AEmih‘us
588 863 768 913 Lepidus,
794 863 858 913 qui
876 870 930 900 est
949 862 1108 899 Porcina
1126 862 1203 899 dic-

112 921 187 960 tus,
207 914 339 952 iisdem
357 916 587 966 temporibus
601 916 691 962 fere,
708 916 842 966 quibus
858 915 995 961 Galba,
1012 915 1074 952 sed
1088 916 1204 966 paulo

111 967 235 1004 minor
259 976 365 1015 natu,
392 976 428 1006 et
452 981 623 1006 summus
647 976 769 1006 orator
787 976 838 1006 est
855 968 1020 1015 habitus,
1049 976 1086 1006 et
1113 967 1201 1015 fuit,

111 1027 154 1057 ut
166 1028 320 1070 apparet
337 1034 384 1058 ex
402 1022 643 1067 orationibus,
664 1022 815 1072 scriptor
833 1033 922 1058 sane
939 1023 1072 1059 bonus.
1115 1021 1203 1059 Hoc

108 1072 147 1110 in
165 1081 308 1112 oratore
327 1074 465 1112 Latino
479 1075 646 1124 primum
663 1074 758 1111 mihi
774 1074 917 1113 videtur
931 1082 967 1112 et
983 1074 1116 1111 lenitas
1135 1087 1202 1125 ap-

106 1126 271 1176 paruisse
288 1127 355 1164 illa
374 1127 606 1173 Graecorum,
635 1135 672 1165 et
689 1129 886 1165 ve1borum
905 1126 1199 1177 comprehensio,

105 1179 218 1216 etiam
243 1179 378 1217 artifex
404 1183 463 1223 (ut
488 1180 541 1217 ita
565 1180 704 1226 dicam)
730 1181 845 1218 stilus.
889 1180 1007 1217 Hunc
1036 1179 1200 1217 studiose

104 1232 180 1270 duo
207 1232 454 1272 adolescentes
483 1233 781 1283 ingeniosissimi,
814 1241 851 1270 et
879 1245 995 1283 prope
1022 1232 1198 1282 aequales,

105 1285 149 1323 C.
177 1285 301 1323 Carbo
330 1293 366 1324 et
394 1286 457 1323 Ti.
486 1286 690 1332 Gracchus,
721 1286 848 1323 audire
880 1286 978 1323 soliti
1009 1293 1121 1329 sunt;
1152 1285 1199 1323 de

103 1338 242 1388 quibus
268 1340 349 1387 jam
378 1339 525 1376 dicendi
554 1339 656 1376 locus
685 1339 766 1385 erit,
800 1351 887 1376 cum
917 1338 963 1375 de
993 1337 1199 1376 senioribus

103 1404 224 1442 pauca
254 1391 394 1430 dixero.
436 1391 486 1438 Q.
514 1392 614 1429 enim
644 1392 847 1442 Pompeius
879 1403 955 1428 non
987 1398 1198 1428 contemtus

102 1451 239 1492 orator,
268 1445 499 1495 temporibus
524 1445 613 1490 illis,
638 1445 724 1490 fuit,
753 1445 819 1495 qui
838 1456 1005 1482 summos
1023 1443 1196 1492 honores,

102 1497 216 1534 homo
234 1510 300 1548 per
319 1511 357 1535 se
376 1498 560 1548 cognitus,
581 1497 656 1535 sine
675 1497 756 1535 una
774 1497 1098 1536 commendatione
1114 1509 1197 1534 ma-

98 1551 241 1598 jorum,
262 1558 317 1588 est
334 1551 502 1601 adeptus.

155 1603 261 1640 Tum
282 1604 328 1641 L.
346 1604 501 1642 Crassus
519 1605 681 1642 multmn
701 1604 838 1656 potuit,
865 1616 940 1642 non
966 1603 1194 1654 eloquentia,

103 1656 167 1694 sed
185 1656 341 1695 dicendo
360 1664 512 1702 tamen3
541 1658 665 1705 homo,
695 1671 770 1695 non
792 1657 1028 1704 liberalitate,
1054 1664 1098 1693 ut
1116 1657 1194 1704 alii,

103 1709 168 1748 sed
185 1709 268 1760 ipsa
286 1710 435 1748 tristitia
459 1718 496 1748 et
520 1711 709 1749 severitate
732 1711 947 1761 popularis;
978 1710 1086 1757 cujus
1111 1709 1196 1759 qui-

103 1763 191 1800 dem
208 1763 283 1813 legi
301 1763 503 1801 tabellariae
528 1764 588 1800 M.
614 1763 754 1802 Antius
772 1764 897 1810 Briso,
924 1763 1098 1800 tribunus
1115 1762 1196 1812 ple-

103 1816 174 1864 bis,
191 1815 256 1852 diu
268 1816 414 1863 restitit,
431 1816 490 1853 M.
508 1816 654 1867 Lepido
673 1830 756 1855 con
741 1817 820 1854 sule
834 1816 1060 1865 adjuvante3
1078 1827 1196 1864 eaque

103 1882 160 1907 res
179 1869 223 1906 P.
240 1868 423 1907 Africano
448 1870 708 1920 vituperationi
731 1870 817 1915 fuit,
844 1869 946 1919 quod
971 1869 1050 1916 ejus
1068 1874 1196 1904 aucto

102 1922 210 1959 ritate
234 1921 281 1960 de
305 1922 488 1960 sententia
512 1923 691 1961 deductus
710 1923 819 1961 Briso
837 1923 1051 1972 putabatur.
1087 1919 1194 1957 Tum

102 1974 179 2012 duo
207 1974 402 2026 Caepiones
431 1976 599 2013 multum
626 1976 775 2014 clientes
803 1974 955 2012 consilio
982 1980 1019 2010 et
1046 1972 1192 2022 lingua,

102 2028 189 2078 plus
214 2029 431 2066 auctoritate
455 2036 582 2066 tamen
602 2036 638 2066 et
656 2029 788 2080 gratia,
817 2027 1072 2065 sublevabant.
1120 2025 1194 2063 Sed

104 2080 275 2131 Pompeii
299 2088 387 2119 sunt
409 2082 546 2133 scripta
570 2095 638 2120 nec
662 2082 774 2119 nimis
799 2086 1013 2122 extenuata,
1041 2080 1192 2128 (quam-

105 2146 220 2183 quam
240 2141 408 2173 veterum
426 2142 481 2173 est
500 2135 648 2182 similis)
669 2142 704 2173 et
723 2134 834 2184 plena
852 2131 1069 2183 prudentiae.
