1429 2344
148 60 224 98 130
321 58 398 98 DE
419 57 716 106 ORATORE,
747 57 844 96 Lm.
867 57 900 96 Ι.
931 58 1034 97 CAP.
1055 59 1092 96 8.

141 168 304 217 majores
336 174 428 205 natu
458 167 546 204 satis
574 166 780 218 quiessent,
817 174 854 204 et
884 166 924 203 in
957 164 1256 204 ambulationem

141 229 300 259 ventum
319 228 427 269 esset,
454 221 602 258 dicebat
620 227 719 269 tum,
747 220 968 267 Scaevolam,
994 220 1144 258 duobus
1171 231 1256 269 spa-

141 275 203 313 tiis
239 275 407 314 tribusve
443 274 564 322 factis,
603 273 741 312 dixisse
761 288 772 311 2
817 274 897 312 Cur
935 286 1012 311 non
1044 272 1257 317 imitamur,

141 329 289 377 Crasse,
311 329 502 367 Socratem
517 328 644 375 illum,
665 328 732 379 qui
752 335 807 365 est
819 327 859 365 in
879 327 1043 365 Phaedro
1058 325 1258 364 Platonis?

140 395 233 420 nam
247 396 310 420 me
324 383 404 419 haec
423 388 490 419 tua
504 382 682 432 platanus
697 381 909 430 admonuit,
929 392 1017 432 quae
1034 392 1111 418 non
1130 379 1260 417 minus

141 436 191 474 ad
210 436 449 487 opacandum
472 436 574 473 hunc
592 436 720 473 locum
739 436 879 486 patulis
898 442 953 473 est
978 434 1116 472 diffusa
1129 433 1259 480 ramis,

143 503 262 540 quam
282 490 362 537 illa,
384 491 493 539 cujus
518 502 568 526 ul
561 491 697 527 ibram
716 496 865 527 secutus
890 495 946 527 est
964 489 1147 533 Socrates,
1174 500 1262 538 quae

143 543 241 580 mihi
260 543 422 591 videtur,
443 556 520 581 non
550 550 630 581 tam
648 543 731 594 ipsa
750 543 894 594 aquula
912 555 999 594 quae
1025 540 1262 588 describitur,

142 610 262 658 quam
292 597 463 635 Platonis
485 597 666 646 oratione,
683 597 864 635 crevisse·
885 603 923 634 et
936 595 1041 647 quod
1057 595 1123 632 ille
1139 593 1264 631 duris-

141 650 248 688 simis
261 651 422 702 pedibus
441 651 543 699 fecit,
573 658 616 689 ut
635 664 674 689 se
693 650 898 700 abjiceret
888 662 929 687 111
953 650 1127 697 herbam,
1147 654 1264 699 atque

143 704 198 742 ita
215 704 295 753 illa,
331 719 419 756 qua
389 719 420 742 e
444 705 661 756 philosophi
680 704 861 742 divinitus
887 703 1017 741 ferunt
1045 715 1124 740 esse
1148 701 1264 749 dicta,

142 758 375 809 loqueretur,
395 759 436 796 id
453 759 549 796 meis
565 758 726 809 pedibus
745 765 844 796 certe
862 757 1015 796 concedi
1029 763 1085 795 est
1104 755 1263 807 aequius.

145 811 254 849 Tum
271 813 477 851 Crassum.
510 812 640 850 Immo
654 825 741 851 vero
760 811 997 851 commodius
1011 810 1156 856 etiam;
1176 809 1265 860 pul-

145 865 330 917 vinosque
359 865 586 918 poposcisse,
621 873 659 904 et
684 879 816 904 omnes
841 866 882 903 in
911 865 958 903 iis
984 864 1150 913 sedibus,
1179 875 1267 915 quae

145 927 254 957 erant
273 921 344 957 sub
363 921 531 971 platano,
552 920 762 959 consedisse
780 919 941 958 dicebat.

202 973 327 1011 VIII.
360 974 436 1021 Ibi,
467 981 511 1011 ut
540 987 587 1011 ex
616 974 776 1025 pristino
803 985 976 1011 sermone
1006 972 1266 1011 relaxarentur

148 1026 272 1066 animi
289 1027 479 1076 omnium,
507 1028 650 1065 solebat
676 1027 788 1065 Cotta
802 1040 967 1076 narrare,
991 1026 1172 1065 Crassum
1191 1038 1267 1064 ser-

148 1093 305 1119 monem
332 1081 541 1133 quemdam
569 1081 617 1119 de
644 1081 770 1119 studio
797 1080 947 1119 dicendi
973 1080 1156 1118 intulisse.
1186 1079 1269 1127 Qui

147 1147 238 1172 cum
257 1135 311 1173 ita
325 1143 420 1173 esset
439 1148 618 1173 exorsus:
650 1135 743 1173 Non
758 1135 831 1173 sibi
846 1134 1123 1173 cohortandum
1137 1134 1267 1184 Sulpi-

143 1189 249 1226 cium
265 1195 302 1227 et
326 1188 495 1236 Cottam,
518 1188 584 1227 sed
597 1189 725 1250 ‘magis
746 1196 955 1239 utrumque
969 1187 1267 1226 collaudandum

148 1242 282 1290 videri,
304 1242 407 1293 quod
427 1250 575 1280 tantam
590 1243 674 1292 jam
692 1250 815 1281 essent
828 1242 1049 1280 facultatem
1063 1241 1205 1292 adepti,
1224 1247 1270 1278 ut

150 1308 228 1334 non
255 1296 466 1347 aequalibus
495 1297 572 1334 suis
591 1297 716 1334 solum
735 1302 1066 1348 anteponerentur,
1087 1295 1153 1334 sed
1179 1307 1269 1332 cum

152 1350 364 1399 majoribus
396 1357 490 1388 natu
523 1357 844 1401 compararentur.
888 1350 1028 1401 Neque
1055 1361 1144 1387 vero
1172 1348 1270 1386 mihi

152 1403 381 1454 quidquam,
401 1403 541 1456 inquit,
561 1404 814 1455 praestabilius
832 1403 995 1452 videtur,
1022 1415 1139 1454 quam
1161 1415 1272 1454 posse

149 1457 312 1496 dicendo
330 1465 457 1495 tenere
481 1458 685 1496 hominum
704 1465 834 1506 coetuS,
854 1464 1001 1495 mentes
1022 1456 1184 1504 allicere,
1204 1468 1270 1494 vo-

150 1510 318 1549 luntates
338 1511 547 1562 impellere,
568 1525 645 1563 quo
664 1512 781 1558 velis;
811 1511 914 1549 unde
928 1517 1057 1549 autem
1075 1510 1182 1558 velis,
1205 1509 1270 1548 de-

150 1563 299 1602 ducere.
330 1564 428 1602 Haec
452 1578 532 1603 una
552 1579 610 1603 res
634 1566 674 1603 in
693 1565 800 1603 omni
817 1565 938 1603 libero
961 1564 1118 1616 populo,
1143 1563 1269 1602 maxi-

149 1630 290 1669 meque
307 1618 348 1655 in
360 1618 502 1669 pacatis
522 1619 814 1670 tranquillisque
831 1618 1061 1665 civitatibus,
1080 1617 1270 1669 praecipue

149 1683 298 1723 semper
316 1671 458 1719 floruit,
479 1685 702 1724 semperque
721 1673 917 1711 dominata
934 1679 1000 1710 est.
1030 1671 1139 1719 Quid
1164 1671 1269 1709 enim

151 1732 208 1763 est
226 1732 293 1763 aut
307 1732 387 1763 tam
401 1725 639 1775 admirabile,
656 1739 774 1777 quam
793 1739 840 1764 ex
854 1725 1005 1764 infinita
1022 1724 1272 1763 multitudine

151 1778 356 1816 hominum
375 1779 552 1817 exsistere
565 1792 704 1828 unum,
720 1779 788 1831 qui
807 1779 862 1828 id,
882 1779 986 1830 quod
1006 1778 1184 1817 omnibus
1202 1790 1272 1816 na-

153 1832 241 1870 tura
259 1832 307 1870 sit
321 1832 470 1881 datum,
492 1833 551 1871 vel
567 1833 682 1881 solus,
702 1833 763 1871 vel
778 1845 867 1871 cum
880 1832 1024 1883 paucis,
1043 1831 1166 1870 facere
1183 1844 1272 1883 pos-

152 1885 234 1923 sit?
255 1892 322 1923 aut
341 1894 420 1924 tam
436 1886 653 1947 jucundum
671 1886 825 1937 cognitu
845 1894 959 1937 atque
977 1885 1125 1935 auditu,
1153 1898 1271 1936 quam

152 1939 386 1990 sapientibus
400 1939 593 1978 sententiis
607 1940 861 1991 gravibusque
871 1939 994 1978 verbis
1007 1946 1140 1978 ornata
1152 1940 1273 1977 oratio

152 1998 192 2030 et
206 1993 353 2044 polita?
373 2000 441 2031 aut
451 2000 530 2031 tam
545 2001 691 2045 potens,
705 2002 861 2045 tamque
873 1993 1137 2060 magnificum3
1153 2005 1272 2044 quam

153 2046 287 2107 populi
301 2053 443 2096 motus,
456 2047 631 2096 judicum
643 2047 855 2099 religiones,
865 2049 1014 2086 senatus
1030 2046 1271 2097 gravitatem,

155 2100 270 2138 unius
299 2100 467 2138 oratione
496 2101 693 2139 converti?
721 2101 830 2149 Quid
857 2114 969 2152 porro
998 2107 1078 2139 tam
1105 2099 1269 2152 regium,

151 2159 232 2191 tam
250 2154 419 2203 liberale,
440 2162 519 2193 tam
537 2155 779 2204 munificum,
799 2167 918 2207 quam
937 2167 1050 2206 opem
1068 2154 1166 2193 ferre
1180 2167 1270 2205 sup-

149 2207 327 2257 plicibus,
349 2209 511 2248 excitare
531 2209 703 2258 afflictos,
723 2208 812 2248 dare
832 2209 1010 2259 salutem,
1029 2208 1190 2248 liberare
1202 2220 1271 2260 pe-
