1429 2344
144 68 222 106 406
251 67 328 107 DE
349 69 557 110 CLARIS
576 70 967 120 0RATOR13US,
988 70 1093 110 CAP.
1114 71 1178 109 54.

143 176 335 214 sententiis
360 176 582 224 delectavit3
612 179 834 230 animosque
862 179 1052 228 onmium,
1079 177 1149 230 qui
1183 177 1253 216 ad-

147 237 268 277 erant,
298 230 338 268 in
363 231 593 270 hilaritatem
608 245 631 270 a
645 232 838 270 severitate
856 232 1048 270 traduxit:
1078 231 1182 283 quod
1200 239 1256 270 est

145 296 268 321 unum
295 296 341 321 ex
366 285 502 332 tribus,
529 299 616 337 quae
639 286 721 324 dixi
747 288 796 324 ab
822 294 967 324 oratore
985 285 1081 324 effici
1105 285 1253 324 debere.

145 336 296 374 Deinde
319 338 390 376 hoc
409 339 570 377 voluisse
589 353 692 387 eum,
719 340 786 391 qui
804 346 1073 378 testamentum
1091 338 1253 387 fecisset,

146 391 217 428 hoc
243 391 411 438 sensisse,
439 406 594 444 quoquo
619 394 733 431 modo
756 394 857 431 filius
882 406 959 431 non
985 401 1093 441 esset,
1121 393 1189 445 qui
1213 393 1255 431 in

146 457 255 482 suam
270 446 429 483 tutelam
446 447 617 495 venisset,
633 448 711 485 sive
724 460 801 486 non
816 455 942 494 natus,
963 447 1040 485 sive
1054 454 1140 485 ante
1154 460 1256 485 rnor-

147 504 250 545 tuus,
268 498 410 537 Curius
423 500 541 538 haeres
555 508 599 538 ut
613 508 730 539 esset:
752 501 806 538 ita
820 501 978 539 scribere
990 501 1204 552 plerosque,
1221 508 1258 539 et

146 551 187 589 id
201 552 337 599 valere,
355 561 392 591 et
406 554 567 592 valuisse
582 567 741 606 semper.
772 555 868 593 Haec
883 562 920 592 et
933 554 1056 591 multa
1071 554 1257 603 ejusmodi

147 604 288 653 dicens,
316 606 432 644 fidem
457 608 644 653 faciebam
675 608 778 659 quod
804 616 859 646 est
884 621 931 646 ex
956 608 1077 646 tribus
1101 607 1258 646 oratoris

147 658 278 697 officiis
297 660 472 698 alterum.
507 661 658 699 Deinde
677 675 832 713 aequum
850 664 996 700 bonum
1015 668 1258 699 testamento-

146 725 232 749 rum
267 714 468 753 sententias
499 716 787 767 voluntatesque
818 723 964 753 tutatus
997 723 1075 753 est:
1113 722 1258 766 quanta

148 773 244 803 esset
262 766 301 804 in
320 769 443 806 verbis
469 769 606 820 captio,
627 782 715 807 curn
734 770 774 807 in
793 769 935 807 caeteris
953 770 1079 817 rebus,
1106 776 1191 806 tum
1217 768 1258 807 in

148 822 395 866 testamentis
410 835 440 859 s1
452 824 733 874 neohoerentur
743 822 977 861 voluntates!
992 830 1175 873 quantam
1188 821 1261 860 sibi

150 875 358 924 potentiam
375 875 543 914 Scaevola
560 885 780 938 assumeret,
802 877 833 915 si
851 889 964 914 nemo
978 876 1133 914 auderet
1146 883 1260 914 testa-

148 935 323 965 mentum
343 928 463 967 facere
482 938 625 981 postea,
646 931 719 968 nisi
738 931 785 968 de
802 931 906 968 1111115
921 929 1130 968 sententia!
1163 930 1260 968 Haec

148 993 236 1018 cum
256 982 432 1031 graviter,
462 991 546 1021 tum
565 986 612 1022 ab
633 984 818 1036 exemplis
845 984 1005 1036 copiose,
1033 991 1119 1021 tum
1144 983 1260 1032 varie,

149 1041 232 1072 tum
249 1035 363 1073 etiam
378 1036 535 1075 ridicule
555 1045 591 1075 et
608 1037 741 1086 facete,
763 1039 970 1089 explicans,
991 1050 1075 1076 eam
1094 1037 1261 1075 admira·

148 1087 292 1126 tionem
317 1090 646 1142 assensionemque
671 1092 890 1140 commovit,
911 1091 1050 1129 dixisse
1068 1098 1113 1129 ut
1131 1098 1261 1129 contra

149 1151 262 1180 nemo
281 1143 480 1182 videretur.
511 1145 598 1183 Hoc
613 1152 692 1183 erat
706 1145 862 1183 oratoris
876 1145 1043 1183 officium
1057 1143 1261 1205 partitione

148 1196 318 1244 tertium,
339 1209 474 1248 genere
498 1199 727 1236 maximum.
765 1199 846 1237 Hic
870 1199 935 1236 1118
959 1198 1006 1236 (18
1030 1198 1174 1249 populo
1197 1198 1262 1246 ju-

149 1248 239 1296 dex,
266 1250 334 1301 qui
360 1252 560 1301 separatim
587 1253 750 1290 alterum
772 1252 981 1290 admiratus
1007 1259 1156 1300 esset,1
1142 1251 1259 1299 idem,

149 1302 279 1340 audito
298 1304 428 1351 altero,
454 1305 643 1354 judicium
669 1318 783 1343 suum
802 1312 1082 1344 contemneret·
1113 1312 1153 1342 at
1174 1317 1262 1343 vero

149 1356 365 1407 intelligens
380 1365 416 1396 et
431 1358 576 1407 doctus,
594 1359 749 1397 audiens
765 1359 988 1407 Scaevolam,
1011 1358 1165 1397 sentiret
1183 1371 1263 1397 esse

150 1410 346 1460 quoddam
378 1412 531 1450 uberius
563 1413 713 1451 dicendi
745 1425 866 1463 genus
899 1420 936 1450 et
967 1412 1148 1450 ornatius.
1194 1413 1263 1451 Ab

151 1470 312 1515 utroque
338 1473 466 1503 autem
493 1479 606 1504 causa
631 1467 819 1518 perorata,
848 1466 880 1504 si
907 1474 1151 1518 quaereretur,
1180 1472 1265 1503 uter

149 1525 344 1566 praestaret
373 1527 510 1568 orator,
538 1532 740 1571 nunquam
766 1520 934 1571 profecto
959 1519 1138 1571 sapientis
1159 1519 1264 1569 judi-

151 1569 253 1607 cium
274 1585 296 1608 a
312 1572 455 1621 judicio
474 1574 580 1624 vulgi
598 1573 835 1625 discreparet.

207 1623 320 1662 LIV.
362 1625 443 1673 Qui
474 1635 627 1677 praestat
664 1628 781 1678 igitur
811 1626 1026 1678 intelligens
1056 1625 1263 1677 imperito?

153 1678 297 1727 magna
321 1691 361 1716 re
380 1688 416 1717 et
435 1680 605 1726 difficili3
636 1681 824 1732 siquidem
860 1693 1048 1731 magnum
1074 1687 1130 1718 est
1155 1679 1262 1727 scire,

155 1730 295 1781 quibus
319 1734 431 1770 rebus
458 1734 654 1781 efficiatur,
683 1735 927 1772 amittaturve
925 1713 1127 1780 ‘'dicendo,
1152 1733 1265 1782 illud,

153 1784 342 1835 quidquid
372 1793 440 1832 est,
472 1788 575 1838 quod
605 1796 672 1825 aut
701 1788 796 1825 effici
822 1787 980 1825 dicendo
1010 1793 1169 1838 oportet,
1199 1794 1267 1825 aut

152 1838 279 1875 amitti
298 1851 375 1877 non
394 1848 551 1890 oportet.
583 1842 742 1879 Praestat
757 1841 871 1879 etiam
890 1841 957 1878 illo
971 1840 1102 1879 doctus
1117 1839 1267 1878 auditor

150 1890 318 1939 indocto,
335 1893 439 1943 quod
454 1907 566 1945 saepe,
583 1908 672 1932 cum
691 1902 857 1932 oratores
876 1894 952 1932 duo
971 1902 1038 1932 aut
1051 1893 1180 1944 plures
1198 1906 1266 1945 po-

152 1945 236 1994 puli
246 1946 390 1993 judicio
408 1950 632 1998 probantur,
649 1948 752 1999 quod
771 1947 922 1985 dicendi
940 1960 1060 1998 genus
1075 1947 1267 1998 optimum

153 1997 215 2046 sit,
235 1998 439 2051 intelligit·
462 2013 553 2039 nam
571 2001 682 2049 illud,
704 2001 807 2052 quod
821 2001 964 2052 populo
978 2013 1054 2039 non
1069 2003 1267 2052 probatur,

153 2063 202 2088 ne
208 2032 454 2111 intelligenti
484 2055 641 2106 quidem
670 2055 833 2092 auditori
861 2055 1013 2106 probari
1037 2061 1172 2106 potest.
1211 2055 1268 2093 Ut

156 2104 275 2153 enim,
293 2119 340 2144 ex
362 2120 566 2146 nervorum
585 2122 676 2147 sono
693 2109 734 2146 in
752 2108 906 2155 fidibus,
927 2121 1045 2160 quam
1065 2107 1221 2146 scienter
1234 2107 1270 2146 ei

153 2159 256 2209 pulsi
286 2161 383 2210 sint,
418 2161 578 2213 intelligi
609 2163 723 2209 solet;
757 2162 809 2200 sic
839 2175 885 2200 ex
915 2162 1131 2200 animorum
1161 2168 1270 2200 motu
