1407 2308
259 65 336 105 DE
364 64 656 115 ORATORE,
687 66 784 104 Lm.
806 64 839 104 1.
868 65 972 104 CM».
993 66 1056 110 27.
1135 67 1204 104 151

119 180 221 222 sunt,
250 186 336 225 quae
353 179 489 224 oogant
511 172 697 219 homines,
727 172 821 210 sicut
842 173 881 210 in
907 171 988 210 foro
1006 183 1081 209 non
1100 173 1218 211 bonos

118 234 296 276 oratores,
315 227 407 265 item
424 227 464 264 in
483 226 627 265 theatro
645 234 784 264 actores
801 227 935 274 malos,
954 225 1109 276 perpeti.
1149 225 1221 264 Est

120 280 237 331 igitur
264 280 401 319 oratori
425 279 622 330 diligenter
651 279 939 330 providendum,
965 291 1040 316 non
1066 279 1123 316 uti
1148 279 1223 316 illis

122 333 336 381 satisfaciat,
357 333 495 385 quibus
514 345 659 370 necesse
678 340 756 377 est;
786 332 850 369 sed
868 339 911 369 ut
929 332 973 370 iis
991 332 1223 370 admirabilis

125 399 203 425 esse
227 386 410 435 videatur,
438 386 576 442 quibus
601 386 715 423 libere
739 386 847 423 liceat
863 385 1041 434 judicare.
1087 385 1163 432 Ac,
1192 385 1223 423 si

123 439 304 491 quaeritis,
330 440 457 491 plane,
483 438 576 490 quid
602 439 773 485 sentiam,
801 438 1003 476 enuntiabo
1028 439 1130 488 apud
1155 439 1224 476 ho-

125 493 247 531 mines
271 492 594 538 familiarissimos,
623 492 724 543 quod
743 492 866 529 adhuc
885 504 1030 542 semper
1054 492 1166 539 tacui,
1187 498 1224 528 et

124 546 326 584 tacendum
352 545 494 597 putavi.
535 545 639 583 Mihi
669 545 795 592 etiam,
826 545 968 596 quique
997 544 1137 595 optime
1166 543 1224 581 di-

125 606 231 647 cunt,
260 599 403 650 quique
430 598 470 636 id
497 598 675 636 facillime
704 605 817 648 atque
845 598 1077 635 ornatissime
1105 598 1226 635 facere

121 659 296 703 possunt,
323 659 465 699 tamen,
486 651 557 689 nisi
576 651 706 688 timide
731 651 778 688 ad
803 651 1004 688 dicendum
1029 650 1224 699 accedunt,

126 712 164 742 et
181 705 221 743 in
248 705 475 743 exordienda
492 704 656 742 oratione
675 706 954 754 perturbantur,
974 716 1081 754 paene
1099 704 1226 754 impu-

125 758 255 796 dentes
269 758 465 797 videntur:
496 757 644 795 tametsi
668 757 707 794 id
732 757 894 794 accidere
916 769 991 793 non
1010 763 1153 807 potest:
1183 763 1228 794 ut

126 812 229 849 enim
249 812 408 863 quisque
426 810 567 861 optime
586 810 688 857 dicit,
708 809 761 847 ita
778 810 945 847 maxime
964 809 1111 847 dicendi
1129 809 1228 846 diffi-

128 866 321 912 cultatem,
351 864 546 914 variosque
579 870 732 901 eventus
760 863 949 910 orationis,-
983 863 1228 912 exspectatio-

127 930 292 969 nemque
305 917 520 964 hominum,
536 916 773 967 pertimescit.
803 916 884 962 Qui
898 929 985 953 vero
999 916 1094 953 nihil
1107 922 1230 966 potest

128 971 289 1022 dignum
308 983 362 1019 re,
382 970 542 1021 dignum
561 969 714 1006 nomine
732 969 900 1015 oratoris,
927 969 1086 1019 dignum
1105 969 1230 1006 homi-

128 1036 224 1062 nurn
252 1024 405 1062 auribus
435 1022 577 1061 efficere
601 1029 715 1074 atque
741 1022 861 1070 edere,
890 1022 921 1060 is
946 1022 1056 1071 mihi,
1083 1021 1230 1059 etiamsi

129 1084 387 1116 commovetur
414 1076 454 1114 in
483 1075 653 1123 dicendo,
683 1082 809 1113 tamen
839 1076 1039 1126 impudens
1067 1075 1228 1113 videtur.

129 1131 222 1169 Non
249 1130 351 1169 enim
374 1129 565 1181 pudendo,
586 1129 650 1166 sed
668 1141 744 1166 non
763 1129 933 1166 faciendo
951 1129 1004 1176 id,
1025 1128 1128 1179 quod
1152 1141 1228 1166 non

128 1184 248 1233 decet,
276 1183 522 1234 impudentiae
539 1194 677 1220 nomen
697 1182 859 1232 effugere
878 1182 1069 1220 debemus.
1099 1181 1228 1228 Quem

128 1250 217 1276 vero
241 1249 317 1275 non
340 1236 459 1288 pudet
477 1235 533 1279 (id
562 1235 664 1286 quod
688 1235 728 1272 in
754 1236 940 1286 plerisque
958 1235 1097 1282 video),
1124 1235 1228 1272 hunc

130 1303 201 1341 ego
225 1303 303 1329 non
326 1289 610 1340 reprehensione
629 1289 766 1335 solum,
786 1289 851 1326 sed
870 1288 982 1325 etiam
1001 1288 1125 1338 poena,
1146 1288 1230 1338 dig-

131 1356 227 1382 num
245 1351 350 1395 puto.
379 1342 571 1393 Equidem
586 1348 622 1379 et
635 1341 674 1378 in
689 1342 793 1379 vobis
807 1341 1101 1378 animadvertere
1115 1341 1229 1388 soleo,

131 1404 170 1435 et
187 1398 227 1434 in
245 1409 308 1434 me
325 1397 407 1447 ipso
426 1395 628 1446 saepissirne
653 1394 836 1445 experior,
863 1401 907 1431 ut
932 1394 1164 1431 exalbescam
1190 1393 1231 1430 in

131 1449 324 1501 principiis
343 1448 504 1495 dicendi,
525 1454 562 1485 et
586 1447 665 1484 tota
684 1454 810 1484 mente
835 1454 948 1497 atque
973 1446 1148 1484 omnibus
1173 1458 1233 1483 ar-

132 1505 248 1541 tubus
266 1501 560 1540 contremiscam.
601 1499 918 1537 Adolescentulus
940 1512 1026 1537 vero
1051 1499 1102 1537 sic
1126 1499 1234 1537 initio

132 1555 375 1594 accusationis
400 1554 635 1592 exanimatus
660 1565 758 1600 sum,
785 1560 829 1590 ut
853 1553 923 1590 hoc
948 1565 1143 1590 summum
1168 1554 1236 1590 be-

130 1609 308 1647 neficium
327 1608 378 1655 Q.
399 1606 576 1648 Maximo
594 1605 802 1653 debuerim,
827 1605 930 1656 quod
948 1605 1125 1643 continuo
1143 1618 1232 1643 oon-

131 1662 261 1700 silium
279 1660 476 1709 dimiserit,
493 1659 607 1698 simul
621 1671 664 1697 ac
678 1672 740 1697 me
757 1659 919 1697 fractum
934 1671 977 1697 ac
995 1659 1233 1697 debilitatum

129 1722 236 1754 metu
256 1713 400 1753 viderit.

186 1768 267 1806 Hic
290 1780 420 1806 omnes
444 1765 595 1813 assensi,
626 1765 833 1817 significare
857 1766 954 1804 inter
978 1778 1070 1813 sese,
1098 1773 1134 1803 et
1158 1765 1236 1803 0012.

131 1821 239 1872 loqui
251 1828 463 1871 eoeperunt:
480 1820 554 1857 fuit
567 1819 668 1857 enim
682 1819 861 1857 mirificus
875 1819 1031 1870 quidam
1045 1819 1084 1856 in
1101 1818 1235 1856 Crasso

132 1874 269 1926 pudor,
295 1873 361 1924 qui
386 1881 513 1911 tamen
537 1884 613 1909 non
639 1872 753 1910 modo
777 1885 853 1909 non
878 1874 1022 1910 obesset
1048 1873 1127 1920 ejus
1152 1884 1235 1908 ora-

133 1927 242 1975 tioni,
264 1927 327 1967 sed
345 1926 459 1964 etiam
477 1925 673 1976 probitatis
692 1925 1016 1963 commendatione
1033 1924 1234 1974 prodesset.

189 1979 373 2018 XXVII.
402 1979 509 2016 -Tum
534 1978 742 2026 Antonius,
764 1979 885 2029 Saepe,
906 1984 950 2014 ut
970 1977 1074 2023 dicis,
1096 1976 1235 2026 inquit,

136 2032 396 2081 animadverti,
424 2032 569 2079 Crasse,
598 2037 635 2068 et
653 2037 704 2079 te,
731 2038 767 2068 et
793 2038 940 2070 caeteros
967 2041 1134 2067 summos
1152 2041 1236 2066 ora-

136 2092 247 2133 tores,
266 2097 499 2136 quamquam
518 2084 587 2122 tibi
605 2097 686 2135 par,
706 2084 793 2121 mea
817 2083 1012 2130 sententia,
1033 2093 1144 2119 nemo
1162 2093 1235 2118 un-

135 2150 252 2189 quam
269 2137 357 2188 fuit,
376 2138 416 2177 in
434 2137 581 2181 dicendi
599 2136 751 2176 exordio
766 2135 984 2188 permoveri.
1015 2134 1135 2184 Cujus
1150 2133 1235 2185 qui-
