1429 2344
142 81 194 118 28
249 79 326 118 DE
356 65 745 129 INVENTIONE‚
775 78 873 117 Lm.
891 77 925 117 Ι.
956 77 1060 117 CAP.
1077 79 1141 117 28.

143 200 232 225 eum
250 200 386 238 genere
398 188 499 225 idem
519 187 580 235 sit,
601 187 644 225 fit
668 186 786 235 aliud,
815 185 918 238 quod
942 192 1048 237 parte
1066 184 1248 237 quadam,

143 249 180 278 et
199 242 332 292 specie,
360 249 404 279 ut
429 242 610 289 diximus,
637 240 795 278 differat.
833 240 930 277 Haec
955 239 1193 277 distribuitur
1209 240 1250 277 in

144 295 216 331 tria
237 308 387 345 genera,
407 295 621 346 publicum,
646 306 861 341 commune,
883 293 1084 343 singulare.
1116 293 1251 331 Publi-

145 361 233 386 cum
259 356 326 396 est,
354 348 458 400 quod
482 348 612 386 civitas
637 347 812 385 universa
829 347 959 397 aliqua
982 346 1029 384 de
1047 347 1161 384 causa
1178 346 1253 384 fre-

145 410 316 453 quentat,
350 410 394 439 ut
425 402 522 448 ludi,
555 401 634 438 dies
662 401 793 447 festus,
827 401 972 438 bellum
993 414 1003 437 ε
1034 413 1250 448 commune,

145 456 248 505 quod
267 455 400 493 accidit
418 455 595 493 omnibus
614 454 745 492 eodem
763 454 840 491 fere
853 461 1035 504 tempore,
1051 460 1094 491 ut
1107 454 1253 502 messis,

145 509 350 557 vindemia,
377 509 490 556 calor,
516 508 660 558 frigus:
689 508 878 557 singulare
902 515 1030 544 autem
1056 514 1124 555 est,
1152 507 1255 558 quod

145 562 275 612 aliqua
289 562 335 599 de
350 563 462 599 causa
475 562 654 613 privatim
673 562 766 599 solet
780 561 893 598 alicui
907 560 1084 609 accidere,
1099 568 1144 598 ut
1157 573 1257 612 nup-

145 615 221 663 tiae,
249 616 487 663 sacrificium,
507 615 637 663 funus,
658 614 888 662 convivium,
909 626 1075 651 somnus.
1112 613 1257 652 Modus

146 677 215 718 est,
246 669 286 706 in
315 683 405 721 quo,
437 668 777 720 quemadmodum,
805 676 842 706 et
866 680 943 719 quo
967 667 1095 705 animo
1113 668 1257 706 factum

146 723 207 771 sit,
228 723 421 773 quaeritur.
450 723 549 771 Ejus
567 730 690 773 partes
712 729 814 770 sunt,
836 721 1038 772 prudentia
1056 728 1093 758 et
1110 721 1257 773 impru-

147 776 286 814 dentia„
317 776 535 814 Prudentiae
553 777 647 813 ratio
666 776 848 827 quaeritur
867 788 914 812 ex
939 775 998 823 iis,
1031 788 1117 826 quae
1141 776 1254 824 clam,

146 831 288 881 palam,
321 830 372 878 vi,
400 830 652 880 persuasione,
672 829 824 867 fecerit:
854 828 1111 880 imprudentia
1129 836 1257 867 autem

145 884 186 920 in
205 884 468 934 purgationem
490 883 693 931 confertur,
714 883 822 931 cujus
847 890 972 933 partes
991 890 1080 920 sunt
1096 882 1257 921 inscien-

146 937 214 985 tia,
235 950 354 986 casus,
383 937 604 982 necessitas3
635 944 671 974 et
695 936 735 973 in
765 936 1001 974 affectionem
1026 936 1159 985 animi,
1186 937 1258 975 hoc

146 998 214 1037 est,
234 991 461 1039 molestiam,
481 989 731 1038 iracundiam,
752 1002 935 1038 amorem,
952 997 989 1027 et
1003 997 1149 1039 caetera,
1171 1003 1258 1041 quae

147 1044 187 1081 in
207 1044 320 1081 simili
335 1057 469 1095 genere
491 1051 696 1082 versantur.
727 1043 942 1080 Facultates
961 1050 1063 1091 sunt,
1085 1051 1152 1081 aut
1171 1044 1258 1094 qui-

148 1100 221 1135 bus
239 1098 386 1136 facilius
413 1098 469 1148 fit,
497 1105 564 1135 aut
590 1097 669 1136 sine
694 1097 833 1148 quibus
859 1096 1004 1148 aliquid
1029 1097 1163 1135 confici
1181 1109 1258 1136 non

149 1159 283 1203 potest.

202 1205 411 1244 XXVIII.
440 1205 683 1255 Adjunctum
703 1212 831 1242 autem
850 1204 1000 1255 negotio
1023 1204 1062 1242 id
1081 1204 1261 1256 intelligi-

150 1267 225 1307 tur,
247 1260 350 1310 quod
370 1261 509 1309 majus,
531 1267 567 1297 et
587 1259 689 1310 quod
711 1259 854 1305 minus,
874 1265 912 1295 et
932 1259 1036 1309 quod
1054 1259 1176 1296 simile
1191 1260 1260 1297 erit

150 1314 183 1352 ei
198 1313 362 1364 negotio,
384 1327 459 1365 quo
478 1314 525 1351 de
539 1313 677 1364 agitur,
699 1320 736 1350 et
754 1312 857 1363 quod
875 1325 982 1363 aeque
1001 1325 1203 1363 magnum,
1224 1321 1262 1351 et

150 1368 254 1420 quod
278 1367 522 1415 contrarium,
551 1374 587 1404 et
606 1366 709 1418 quod
733 1366 982 1416 disparatum,
1003 1373 1040 1403 et
1064 1378 1198 1417 genus,
1226 1373 1263 1405 et

149 1435 250 1473 pars,
272 1428 308 1459 et
323 1428 487 1458 eventus.
518 1420 652 1470 Majus
667 1426 703 1457 et
716 1420 858 1467 minus,
880 1427 916 1457 et
935 1433 1042 1471 aeque
1059 1432 1261 1471 magnum,

151 1489 198 1513 ex
218 1476 269 1523 vi,
301 1481 337 1512 et
363 1488 410 1512 ex
428 1487 601 1522 numero,
623 1481 659 1511 et
686 1486 733 1511 ex
760 1473 885 1524 figura
908 1473 1064 1523 negotii,
1091 1474 1188 1511 sicut
1216 1487 1264 1512 ex

149 1529 294 1567 statura
312 1528 489 1579 corporis,
509 1528 774 1566 consideratur.
812 1527 944 1564 Simile
963 1533 1091 1565 autem
1111 1541 1158 1565 ex
1181 1540 1264 1578 spe-

152 1583 207 1621 cie
222 1582 480 1632 comparabili,
496 1589 562 1619 aut
577 1594 624 1618 ex
639 1580 865 1619 conferenda
879 1587 993 1631 atque
1007 1581 1265 1619 assimulanda

152 1636 290 1674 natura
305 1635 508 1684 judicatur.
540 1634 783 1673 Contrarium
802 1641 870 1681 est,
901 1633 1018 1684 quod,
1034 1635 1201 1685 positum
1221 1634 1261 1672 in

151 1702 286 1741 genere
300 1689 459 1736 diverso,
477 1691 524 1726 ab
539 1688 684 1735 eodem,
701 1688 762 1725 cui
776 1687 1006 1725 contrarium
1021 1700 1098 1725 esse
1111 1687 1264 1736 dicitur,

152 1744 365 1795 plurimum
385 1743 511 1790 distat,
535 1751 578 1779 ut
592 1741 712 1792 frigus
727 1741 854 1787 calori,
875 1741 960 1778 vitae
981 1753 1094 1779 mors.
1124 1740 1265 1792 Dispa-

153 1805 280 1835 ratum
299 1804 427 1834 autem
446 1803 500 1834 est
513 1795 566 1843 id,
588 1795 690 1846 quod
705 1797 752 1832 ab
772 1794 901 1845 aliqua
919 1807 958 1831 re
975 1807 1042 1845 per
1061 1795 1264 1846 oppositio-

154 1865 244 1889 nem
263 1850 472 1901 negationis
491 1856 697 1899 separatur,
721 1848 792 1885 hoc
813 1847 952 1893 modog
973 1861 1114 1898 sapere,
1136 1856 1172 1885 et
1186 1861 1262 1886 non

156 1918 294 1956 sapere.
326 1906 458 1941 Genus
483 1910 550 1951 est,
571 1902 674 1953 quod
697 1909 822 1952 partes
843 1901 990 1951 aliquas
1008 1901 1264 1952 amplectitur,

156 1967 200 1996 ut
223 1958 420 2009 cupiditas.
451 1957 545 1993 Pars
571 1963 639 2001 est,
661 1968 746 2006 quae
772 1956 899 1992 subest
917 1955 1060 2005 generi,
1080 1962 1124 1992 ut
1143 1967 1264 2003 amor,

156 2012 322 2051 avaritia.
352 2011 524 2048 Eventus
548 2018 603 2047 est
621 2009 781 2057 alicujus
806 2008 929 2046 exitus
954 2008 1108 2058 negotii,
1129 2008 1169 2046 in
1189 2022 1267 2059 quo

157 2066 277 2118 quaeri
305 2065 411 2113 solet,
443 2063 537 2116 quid
565 2075 612 2100 ex
642 2063 795 2113 quaque
822 2075 862 2099 re
893 2062 1070 2110 evenerit,
1102 2062 1264 2108 eveniat,

155 2126 379 2158 eventurum
399 2118 456 2156 sit.
486 2117 617 2164 Quare
638 2116 762 2153 hocin
781 2127 930 2166 genere,
952 2122 997 2152 ut
1013 2115 1264 2162 commodius,

157 2173 251 2224 quid
271 2180 494 2212 eventurum
513 2171 575 2220 sit,
601 2176 689 2208 ante
712 2169 840 2207 animo
865 2169 991 2220 colligi
1015 2169 1145 2220 possit,
1173 2168 1266 2220 quid
