1407 2308
205 65 280 104 DE
301 57 686 107 INVENTIONE,
709 58 805 96 Lm.
825 55 882 94 ΙΙ.
916 54 1018 94 CAP.
1040 54 1098 92 19.
1156 52 1206 96 79

109 172 338 211 mentionem
351 171 391 207 in
405 166 646 217 conjecturali
660 163 923 203 constitutione
941 161 1110 199 fecimus.
1140 158 1209 197 In-

108 225 283 264 ductione
301 230 443 269 autem,
463 233 550 259 cum
569 232 681 258 causa
698 216 915 268 postulabit,
935 221 1099 251 utemur.

165 277 282 315 XIX.
312 276 413 314 Cum
445 281 572 312 autem
602 272 697 310 actio
724 267 975 308 translationis
1007 272 1073 303 aut
1104 277 1208 303 com-

112 330 331 369 mutationis
357 328 523 377 indigere
553 325 713 371 videtur,
743 322 845 374 quod
873 334 947 358 non
981 325 1047 357 aut
1073 318 1104 356 is
1132 318 1213 368 agit

110 397 228 435 quem
247 388 404 434 oportet,
425 387 491 418 aut
509 392 595 417 cum
615 391 657 416 eo
676 378 833 428 quicum
852 380 1009 425 oportet,
1030 378 1096 409 aut
1109 371 1212 421 apud

112 450 221 488 quos,
237 436 315 487 qua
331 436 428 484 lege,
444 433 522 484 qua
539 431 663 483 poena,
681 443 756 480 quo
771 428 938 474 crimine,
955 438 1030 477 quo
1044 431 1213 474 tempore

112 496 271 542 oportet,
309 486 523 526 constitutio
558 483 775 522 translativa
812 480 1033 531 appellatur.
1081 478 1212 526 Hujus

114 544 221 581 nobis
241 540 414 591 exempla
432 538 621 590 permulta
638 549 732 587 opus
751 542 851 582 sunt,
873 533 903 571 si
922 531 1070 582 singula
1094 538 1215 568 trans-

113 597 299 634 lationum
331 606 467 645 genera
498 603 735 643 quaeramus:
766 587 843 634 sed,
873 586 962 637 quia
994 584 1088 621 ratio
1119 596 1215 634 prae-

114 656 309 700 ceptorum
339 645 471 684 similis
500 652 568 689 est,
596 642 856 692 exemplorum
881 637 1124 676 multitudine
1154 649 1217 673 su-

115 700 389 753 persedendum
409 706 474 736 est·
516 698 662 747 Atque,
687 695 727 732 in
745 693 872 731 nostra
890 691 1043 742 quidem
1062 701 1215 727 consue-

117 755 262 802 tudine,
282 752 413 791 multis
431 752 477 789 de
495 750 614 789 causis
633 750 689 796 fit,
709 754 752 784 ut
777 746 895 783 rarius
914 743 1080 781 incidant
1098 749 1218 780 trans-

117 809 297 846 lationes:
339 818 429 843 nam
473 811 509 842 et
552 801 733 854 praetoriis
769 797 1050 849 exceptionibus
1085 796 1218 833 multae

119 860 372 899 excluduntur
390 857 576 901 actiones3
606 862 643 892 et
659 855 712 891 ita
727 854 789 902 jus
808 852 915 890 civile
933 850 1116 887 habemus
1131 860 1219 886 con-

118 915 307 960 stitutum,
327 918 371 949 ut
388 910 501 949 causa
519 908 626 948 cadat
643 907 674 945 is
693 906 759 958 qui
777 917 868 953 non,
895 900 1219 954 quemadmodum

119 973 276 1018 oportet,
297 964 423 1015 egerit.
463 962 593 1010 Quare
609 961 650 998 in
665 961 750 1009 jure
767 958 993 1009 plerumque
1011 961 1218 993 versantur.

121 1020 184 1059 Ibi
198 1019 299 1057 enim
313 1024 350 1056 et
368 1016 601 1068 exceptiones
618 1013 870 1065 postulantur,
887 1017 923 1048 et
941 1007 1222 1060 quodammodo

119 1073 255 1124 agendi
272 1078 433 1122 potestas
451 1070 576 1117 datur,
597 1075 634 1106 et
646 1066 768 1104 omnis
783 1062 973 1114 conceptio
986 1061 1219 1112 privatorum

121 1125 350 1176 judiciorum
376 1122 625 1162 constituitur.
666 1120 716 1157 In
740 1118 830 1169 ipsis
850 1123 976 1154 autem
991 1113 1142 1163 judiciis
1161 1127 1221 1151 ra-

122 1180 201 1217 rius
229 1178 424 1223 incidunt;
455 1183 491 1214 et
518 1182 645 1213 tamen
674 1173 706 1210 si
730 1170 883 1223 quando
911 1168 1096 1215 incidunt,
1125 1167 1224 1215 ejus-

122 1232 227 1271 modi
255 1238 356 1278 sunt,
385 1238 429 1268 ut
456 1242 522 1280 per
551 1241 590 1266 se
617 1226 745 1264 minus
772 1225 936 1262 habeant
964 1220 1220 1268 firmitudinis,

124 1286 392 1324 confirmentur
423 1290 550 1320 autem
580 1279 747 1319 assumta
778 1277 853 1315 alia
884 1274 1013 1326 aliqua
1045 1273 1224 1311 constitu-

124 1340 251 1383 tione3
271 1345 315 1375 ut
332 1337 372 1374 in
391 1336 557 1387 quodam
572 1333 727 1383 judicio,
748 1343 837 1369 cum
855 1327 1009 1367 venefici
1027 1326 1225 1375 cujusdam

125 1404 264 1429 nomen
283 1397 377 1428 esset
394 1389 577 1435 delatum,
604 1393 654 1433 et,
681 1384 771 1436 quia
788 1381 977 1434 parricidii
1001 1392 1113 1418 causa
1137 1380 1226 1416 sub-

126 1444 262 1495 scripta
280 1450 386 1491 esset,
407 1449 513 1480 extra
537 1439 708 1478 ordinem
732 1443 826 1475 esset
849 1440 1058 1484 acceptum,
1079 1444 1164 1470 cum
1185 1432 1225 1468 in

126 1497 360 1536 accusatione
389 1495 463 1532 alia
487 1492 662 1545 quaedam
691 1489 849 1529 crimina
873 1487 1027 1525 testibus
1053 1491 1090 1523 et
1114 1497 1226 1535 argu-

127 1550 265 1588 mentis
283 1549 605 1593 confirmarentur,
626 1542 814 1596 parricidii
832 1548 960 1579 autem
979 1539 1102 1577 solum
1120 1550 1228 1575 men-

127 1605 180 1642 tio
198 1603 296 1641 facta
314 1608 430 1640 esset:
460 1599 630 1638 defensor
648 1598 687 1635 in
705 1597 776 1634 hoc
793 1596 874 1646 ipso
898 1593 1066 1631 multum
1084 1597 1230 1642 oportet

128 1664 166 1695 et
183 1656 249 1694 diu
268 1655 468 1699 consistat3
497 1665 586 1691 cum
604 1651 650 1689 de
669 1662 759 1688 nece
775 1647 940 1699 parentis
958 1646 1055 1684 nihil
1073 1645 1230 1682 demon-

129 1716 288 1748 stratum
307 1709 368 1756 sit,
394 1707 595 1757 indignum
619 1704 764 1742 facinus
783 1713 873 1748 esse,
894 1700 939 1738 ea
956 1698 1067 1750 poena
1086 1697 1231 1735 afficere

129 1775 232 1812 eum,
262 1761 339 1813 qua
362 1759 555 1812 parricidae
577 1757 814 1796 afficiuntur:
844 1754 884 1792 id
901 1759 1044 1800 autem,
1073 1751 1104 1788 si
1122 1750 1231 1788 dam·

130 1823 254 1863 netur,
282 1814 363 1853 fieri
387 1825 533 1851 necesse
557 1824 648 1860 esse,
674 1808 855 1862 quoniam
882 1813 918 1844 et
942 1805 982 1843 id
1004 1817 1124 1842 causae
1143 1805 1232 1841 sub-

132 1869 327 1920 scriptum,
357 1874 394 1905 et
417 1879 464 1904 ex
487 1865 532 1903 ea
555 1878 595 1902 re
618 1875 757 1902 nomen
781 1867 886 1899 extra
903 1859 1074 1897 ordinem
1099 1857 1146 1894 sit
1171 1868 1232 1894 ac-

132 1929 297 1973 ceptum.
326 1920 388 1959 Ea
401 1920 516 1970 igitur
534 1917 646 1969 poena
663 1916 694 1954 si
713 1914 810 1953 affici
828 1926 935 1952 reum
954 1924 1030 1949 non
1049 1915 1232 1960 oporteat,

133 1974 306 2013 damnari
337 1985 488 2025 quoque
519 1984 595 2009 non
624 1976 806 2021 oportere,
840 1965 1020 2018 quoniam
1051 1976 1094 2000 ea
1125 1973 1236 2012 poena

133 2027 413 2066 damnationem
432 2023 635 2063 necessario
659 2027 918 2072 consequatur.
967 2018 1045 2055 Hic
1063 2015 1235 2052 defensor

135 2093 254 2131 poenae
281 2079 613 2119 commutationem
642 2090 689 2115 ex
717 2073 934 2113 translativo
961 2081 1095 2121 genere
1125 2066 1237 2104 indu-

134 2133 263 2182 cendo,
295 2140 411 2172 totam
441 2129 647 2170 infirmabit
673 2127 957 2168 accusationem.
1007 2122 1155 2160 Verum
1180 2126 1238 2158 ta-
