1407 2324
170 57 246 96 DE
266 58 472 97 CLARIS
492 58 878 106 ORATORIBUS,
897 59 998 98 Cm‘.
1013 61 1076 97 81.
1121 62 1190 97 431

100 164 241 201 summi
259 165 413 203 oratoris
433 167 489 204 vel
511 166 679 211 sanitate,
697 167 755 204 vel
776 167 878 213 vitio,
894 180 961 217 pro
980 174 1202 217 argumento

102 216 150 253 ad
168 217 391 255 diluendum
411 219 552 257 crimen
572 220 629 256 usi
649 233 791 258 sumus.

155 270 261 308 Tum
291 271 448 317 Brutus,
476 273 607 323 Atque
636 273 867 319 dubitamus,
901 273 1038 323 inquit,
1073 280 1201 310 utrum

101 323 173 361 ista
197 323 335 362 sanitas
360 325 485 370 fuerit,
506 338 553 362 an
574 326 739 364 vitium?
769 326 852 376 quis
872 327 972 364 enim
992 338 1067 364 non
1087 326 1203 364 fatea-

101 383 178 422 tur,
198 389 285 415 curn
305 390 352 416 ex
371 379 547 416 omnibus
565 380 719 417 oratoris
738 379 914 417 laudibus
932 380 1043 430 longe
1067 380 1138 417 ista
1155 379 1203 417 sit

100 430 283 476 maxima,
313 431 549 470 inflammare
576 433 721 470 animos
748 432 996 478 audientium,
1027 441 1077 478 et,
1109 445 1202 484 quo-

101 495 266 534 cumque
284 497 340 521 res
364 485 527 535 postulet
546 485 672 532 modo,
693 485 851 533 flectere,
878 485 945 536 qui
969 486 1039 523 hac
1063 486 1201 523 virtute

102 537 275 583 caruerit,
295 536 335 574 id
353 538 400 583 ei,
421 538 524 589 quod
542 539 755 576 maximum
774 538 900 585 fuerit,
920 538 1111 577 defuisse?

157 589 355 628 LXXXI.
384 590 442 629 Sit
460 603 548 629 sane
565 591 632 638 ita,
645 592 802 642 inquam
817 606 827 629 ε
858 591 922 629 sed
940 591 1135 629 redeamus
1154 592 1202 629 ad

105 654 207 689 eum,
228 642 295 694 qui
309 644 392 692 jam
405 656 504 682 unus
522 652 649 691 restat,
671 645 943 683 Hortensium:
974 652 1055 682 tum
1075 644 1121 682 de
1135 657 1202 683 no-

103 695 345 747 bismetipsis,
361 697 541 748 quoniam
555 697 595 735 id
607 697 735 744 etiam,
744 699 878 744 Brute,
888 698 1068 748 postulas,
1083 711 1204 748 pauca

103 747 271 787 dicemus
286 763 298 794 3
328 763 563 801 quamquam
574 750 745 789 facienda
755 751 897 789 mentio
911 758 978 797 est,
992 758 1035 788 ut
1049 751 1202 801 quidem

104 801 200 839 mihi
218 801 379 849 videtur,
400 803 563 841 duorum
589 804 894 852 adolescentium,
914 803 981 855 qui
1006 804 1037 842 si
1062 803 1204 842 diutius

103 854 296 904 vixissent,
316 868 496 907 magnam
515 865 636 895 essent
661 858 882 908 eloquentiae
906 856 1058 895 laudem
1076 869 1203 895 conse-

108 916 197 945 cuti.

159 961 204 999 C.
225 961 430 1000 Curionem
460 971 509 1007 te,
537 963 662 1014 inquit
689 964 847 1009 Brutus,
875 970 912 1001 et
937 963 981 1001 C.
1011 963 1204 1000 Licinium

106 1013 269 1052 Calvum
294 1015 452 1053 arbitror
476 1016 608 1054 dicere.
647 1016 777 1061 Recte,
797 1016 968 1068 inquam,
989 1016 1203 1054 arbitraris:

105 1080 270 1118 quorum
288 1068 443 1118 quidem
463 1069 570 1116 alter,
594 1068 716 1120 [quod
742 1070 941 1107 verisimile
959 1069 1132 1120 dixisset]
1152 1070 1205 1108 ita

104 1119 214 1158 facile
239 1121 433 1173 soluteque
452 1122 572 1160 verbis
591 1123 764 1161 volvebat
788 1123 876 1161 satis
900 1122 1091 1160 interdum
1117 1136 1205 1160 acu-

107 1180 176 1220 tas,
197 1175 343 1212 crebras
361 1174 516 1226 quidem
535 1182 632 1213 certe
657 1176 870 1223 sententias,
897 1183 940 1213 ut
964 1175 1060 1213 nihil
1084 1184 1208 1226 posset

104 1227 270 1264 ornatius
281 1240 372 1273 esse,
385 1227 481 1265 nihil
496 1228 716 1279 expeditius.
746 1229 878 1279 Atque
896 1229 970 1274 hic,
987 1229 1207 1279 amagistris

105 1292 242 1330 parum
272 1280 479 1328 institutus,
508 1288 683 1319 naturam
710 1282 845 1319 habuit
871 1281 1131 1319 admirabilem
1158 1281 1207 1319 ad

106 1332 320 1370 dicendum.
359 1333 590 1372 Industriam
610 1347 685 1372 non
705 1347 789 1372 sum
809 1341 1008 1385 expertus:
1038 1334 1205 1372 studium

105 1393 204 1423 certe
214 1386 298 1424 fuit.
326 1386 407 1434 Qui
426 1386 457 1424 si
470 1400 533 1425 me
551 1387 680 1426 audire
694 1387 883 1435 voluisset,
897 1395 940 1425 ut
954 1395 1125 1438 coeperat,
1138 1388 1206 1426 ho—

106 1450 227 1487 nores,
243 1452 360 1491 quam
378 1452 480 1490 opeS,
495 1441 673 1491 consequi
686 1441 889 1478 maluisset.
920 1441 1116 1488 Quidnam
1137 1447 1204 1488 est,

108 1491 246 1542 inquit,
276 1492 376 1530 istud
391 1495 408 1530 :³
445 1500 483 1531 et
509 1493 831 1544 quemadmodum
858 1493 1086 1544 distinguis?
1121 1494 1207 1532 Hoc

108 1545 235 1592 modo,
260 1546 431 1597 inquam.
471 1546 572 1586 Cum
597 1547 715 1585 honos
744 1547 791 1584 sit
820 1547 1019 1597 praemium
1045 1546 1207 1593 virtutis,

105 1597 248 1646 judicio
273 1599 472 1650 studioque
500 1599 639 1637 civium
664 1600 832 1638 delatum
857 1600 906 1638 ad
933 1600 1114 1650 aliquem,
1142 1601 1208 1651 qui

109 1663 199 1689 eum
218 1652 422 1699 sententiis,
443 1653 509 1704 qui
528 1653 713 1703 suffragiis
738 1653 896 1704 adeptus
922 1660 990 1700 est,
1009 1653 1042 1690 is
1059 1653 1155 1690 mihi
1174 1660 1211 1690 et

109 1703 288 1742 honestus
307 1712 344 1743 et
360 1705 565 1744 honoratus
579 1706 736 1744 videtur.
766 1706 846 1753 Qui
864 1713 1005 1752 autem,
1021 1706 1210 1744 occasione

109 1757 253 1808 aliqua,
263 1758 375 1796 etiam
390 1759 517 1796 invitis
531 1758 607 1797 suis
622 1760 777 1805 civibus,
787 1767 918 1798 nactus
926 1766 980 1796 est
992 1759 1210 1810 imperium,

114 1817 158 1848 ut
175 1810 240 1848 ille
257 1811 445 1863 cupiebat,
465 1813 568 1850 hunc
592 1824 729 1850 nomen
754 1813 904 1850 honoris
923 1812 1117 1862 adeptum,
1137 1824 1213 1850 non

113 1863 309 1912 honorem,
322 1872 426 1916 puto.
456 1865 556 1912 Quae
567 1865 598 1902 si
611 1866 675 1903 ille
689 1865 818 1903 audire
837 1865 1026 1909 voluisset,
1046 1865 1216 1902 maxima

112 1928 200 1953 cum
218 1918 339 1967 gratia
357 1925 394 1956 et
411 1918 531 1969 gloria
550 1918 598 1956 ad
612 1931 801 1956 summam
820 1918 1110 1969 amplitudinem
1129 1930 1213 1968 per-

113 1969 286 2018 venisset,
307 1970 534 2010 adscendens
545 1971 723 2022 gradibus
734 1971 1038 2021 magistratuum,
1054 1978 1098 2008 ut
1111 1978 1215 2020 pater

113 2022 196 2069 ejus
219 2022 369 2070 fecerat,
396 2031 440 2061 ut
465 2025 599 2075 reliqui
625 2024 796 2061 clariores
822 2024 902 2061 viri.
938 2023 1038 2069 Quae
1061 2023 1215 2074 quidem

115 2074 230 2112 etiam
257 2088 345 2113 cum
374 2076 417 2114 P.
439 2076 587 2122 Crasso,
617 2077 676 2114 M.
705 2077 749 2114 F.
777 2089 862 2114 curn
891 2077 998 2114 initio
1023 2077 1141 2114 aetatis
1168 2077 1216 2115 ad

113 2127 319 2167 amicitiam
339 2142 377 2167 se
396 2141 519 2168 meam
540 2129 769 2177 contulisset,
790 2142 887 2181 saepe
906 2129 1022 2180 egisse
1040 2142 1101 2167 me
1121 2131 1218 2168 arbi-
