1429 2344
205 90 286 135 372
328 89 406 129 DE
427 89 633 129 CLARIS
653 84 1041 140 ORATORIBUS,
1057 91 1161 130 CAP.
1180 86 1242 131 1'8.

199 205 283 235 tum
304 198 407 236 hunc
426 205 626 245 oratorem,
643 206 680 237 et
699 197 945 249 quaerendum
965 212 1042 237 esse
1060 199 1205 250 aliquid
1222 205 1308 250 per-

201 251 334 289 sectius
349 266 359 297 ς
391 252 532 302 quippe
552 265 639 290 cum
658 252 711 289 ita
729 253 776 290 sit
795 253 842 289 ad
860 259 1073 290 nostrorum
1091 260 1308 303 temporum

199 305 384 343 rationem
404 313 525 351 vetus,
554 314 598 343 ut
623 306 767 343 nullius
794 305 974 356 scriptum
1000 313 1120 344 exstet
1145 306 1307 356 dignum

200 358 356 408 quidem
375 359 546 406 lectione,
569 359 672 410 quod
690 359 738 397 sit
757 359 959 410 antiquius.
990 359 1065 397 Sed
1078 361 1221 409 majore
1239 359 1309 396 ho-

197 423 287 449 nore
305 412 345 449 in
365 412 541 450 omnibus
565 413 722 458 artibus,
747 426 863 463 quam
885 413 925 449 in
949 412 1020 450 hac
1044 412 1124 450 una
1142 412 1305 457 dicendi,

197 472 365 502 versatur
384 466 599 517 antiquitas.
637 465 736 512 Quis
756 466 858 504 enim
885 478 1029 513 eorum,
1050 466 1118 517 qui
1134 466 1215 503 haec
1233 465 1307 502 mi-

194 530 288 555 nora
308 519 628 565 animadvertunt,
645 532 719 557 non
741 518 933 569 intelligit,
948 519 1115 557 Canachi
1130 519 1237 570 signa
1256 519 1306 556 ri-

195 571 342 622 gidiora
370 586 461 619 esse,
492 586 609 623 quam
637 581 681 611 ut
708 573 907 611 imitentur
933 572 1161 610 veritatem?
1191 572 1304 610 Cala-

194 625 309 663 midis
335 625 430 664 dura
456 626 522 663 illa
549 626 718 677 quidem,
740 626 806 664 sed
824 634 952 664 tamen
978 626 1165 686 molliora,
1187 638 1304 676 quam

197 678 390 717 Canachi.
420 679 593 717 nondum
621 680 798 730 Myronis
827 680 914 717 satis
943 679 991 717 ad
1018 676 1218 717 veritatem
1237 678 1305 716 ad-

196 732 334 778 ducta;
362 735 444 782 jam
463 741 605 778 tamen,
622 747 708 784 quae
722 746 798 771 non
817 733 965 770 dubites
979 732 1138 782 pulchra
1155 732 1301 770 dicere.

193 786 409 836 pulchriora
429 787 542 824 etiam
562 787 759 837 Polycleti,
782 795 818 825 et
833 788 914 836 jam
933 786 1045 837 plane
1063 786 1240 836 perfecta,
1260 792 1305 823 ut

193 840 290 877 mihi
309 840 464 891 quidem
491 840 608 878 w'deri
634 841 765 879 solent.
802 839 945 877 Similis
970 839 1011 876 in
1037 839 1186 890 pictura
1209 839 1306 877 ratio

194 901 272 931 est:
303 894 343 930 in
363 894 440 944 qua
459 894 637 939 Zeuxim,
660 902 696 932 et
716 894 990 944 Polygnotum,
1012 899 1049 930 et
1064 893 1301 940 Timantem,

195 954 232 984 et
247 960 392 993 eorum,
414 947 480 998 qui
500 960 574 985 non
596 954 683 985 sunt
701 948 760 985 usi
782 948 868 997 plus
888 959 1004 998 quam
1024 952 1187 997 quatuor
1205 947 1306 984 colo-

191 1000 310 1046 ribus,
325 1000 464 1038 formas
478 1007 513 1037 et
527 1001 756 1038 lineamenta
769 1001 996 1045 laudamus;
1018 1007 1057 1037 at
1070 1000 1110 1037 in
1122 999 1302 1045 Ae‘tione,

193 1053 443 1114 Nicomacho,
477 1054 700 1104 Protogene,
733 1054 886 1104 Apelle,
913 1054 994 1102 jam
1022 1053 1186 1104 perfecta
1214 1060 1303 1090 sunt

191 1108 332 1145 omnia.
362 1107 415 1145 Et
435 1107 557 1145 nescio
576 1120 625 1145 an
644 1107 825 1157 reliquis'
816 1120 856 1144 m
875 1108 987 1144 rebus
1005 1106 1182 1144 omnibus
1201 1106 1303 1144 idem

193 1161 362 1199 eveniat:
394 1160 490 1198 nihil
518 1168 572 1198 est
600 1161 700 1198 enim
729 1160 843 1198 simul
870 1168 906 1198 et
930 1160 1129 1197 inventum
1156 1167 1193 1197 et
1217 1171 1302 1210 per-

190 1213 358 1252 fectum:
389 1227 457 1252 nec
483 1214 648 1251 dubitari
674 1215 798 1261 debet,
819 1213 914 1264 quin
939 1212 1082 1251 fuerint
1108 1220 1195 1251 ante
1215 1213 1299 1251 Ho-

189 1279 339 1305 merum
371 1272 517 1319 po'e'tae3
562 1267 665 1318 quod
703 1280 748 1305 ex
788 1268 840 1305 eis
873 1266 1104 1305 carminibus
1137 1266 1300 1317 intelligi

188 1329 324 1371 potest,
346 1334 431 1372 quae
450 1320 552 1372 apud
570 1321 695 1368 illum,
717 1329 754 1358 et
772 1321 811 1357 in
832 1320 1038 1358 Phaeacum
1054 1326 1091 1358 et
1108 1319 1149 1357 in
1168 1332 1298 1371 proco-

187 1387 276 1412 rum
303 1375 437 1426 epulis,
467 1382 665 1413 canuntur.
696 1372 833 1421 Quid?
862 1373 981 1412 nostri
1006 1380 1147 1412 veteres
1173 1386 1299 1412 versus

189 1427 257 1466 ubi
276 1430 398 1467 sunt?

349 1505 376 1525 “
396 1516 490 1554 quos
509 1502 601 1541 olim
621 1503 761 1550 Fauni,
782 1511 961 1554 vatesque
980 1504 1178 1549 canebant,

187 1555 288 1594 Cum
307 1569 460 1609 neque
446 1557 651 1594 Musarum
671 1557 843 1608 scopulos
862 1556 1065 1608 quisquam
1085 1556 1295 1607 superarat,

186 1610 270 1647 Nec
289 1606 378 1647 dicti
397 1610 585 1648 studiosus
605 1616 708 1648 erat.

186 1663 294 1701 Ante
311 1661 441 1701 hunc''
450 1691 459 1700 .
475 1691 483 1699 .
503 1691 511 1700 .
527 1691 536 1701 .

185 1746 238 1784 ait
256 1746 337 1798 ipse
356 1746 402 1784 de
422 1759 485 1791 seg
516 1759 585 1785 nec
602 1746 787 1785 mentitur
805 1747 846 1785 in
874 1747 1082 1798 gloriando.
1112 1747 1174 1787 Sic
1194 1748 1295 1786 enim

186 1812 265 1838 sese
284 1812 342 1838 res
359 1800 496 1838 habet:
519 1812 609 1837 narn
630 1808 666 1838 et
685 1800 858 1851 Odyssea
880 1801 1020 1839 Latina
1038 1808 1093 1839 est
1117 1801 1169 1839 sic
1198 1809 1296 1840 tam-

185 1866 302 1904 quam
321 1866 416 1904 opus
436 1853 591 1904 aliquod
606 1815 782 1898 Daedaliyg
814 1861 851 1892 et
866 1853 1037 1892 Livianae
1051 1854 1192 1892 fabulae
1216 1867 1294 1894 non

184 1907 273 1944 satis
292 1906 431 1967 dignae,
448 1920 534 1957 quae
552 1906 691 1944 iterum
709 1908 895 1958 legantur.
924 1908 1057 1958 Atque
1070 1908 1132 1945 hic
1143 1908 1292 1956 Livius,

185 1960 253 2010 qui
272 1960 419 2011 primus
434 1960 619 2007 fabulam,
641 1960 685 1998 C.
708 1960 841 1999 Clodio
861 1960 962 1998 Caeci
979 1961 1058 1999 filio
1077 1967 1114 1999 et
1131 1961 1192 1998 M.
1209 1962 1293 2001 Tu-

183 2013 313 2052 ditano
332 2014 563 2061 consulibus,
584 2013 726 2061 docuit,
743 2026 842 2052 anno
856 2015 951 2065 ipso,
965 2021 1170 2066 antequam
1182 2022 1294 2054 natus

185 2074 240 2104 est
258 2067 436 2113 Ennius;
465 2074 549 2118 post
575 2067 742 2105 Romam
768 2067 958 2106 conditam
984 2074 1112 2105 autem
1137 2075 1290 2119 quarto-

179 2119 327 2170 decimo
357 2129 394 2159 et
417 2120 735 2172 quingentesimo,
757 2128 801 2158 ut
824 2121 886 2159 hic
911 2121 977 2168 ait,
997 2134 1112 2172 quem
1137 2134 1206 2159 nos
1231 2135 1288 2159 se-

173 2173 330 2223 quimur
345 2189 354 2213 ι
373 2182 427 2213 est
440 2174 541 2213 enim
557 2174 654 2214 inter
666 2174 862 2226 scriptores
873 2174 920 2214 de
934 2187 1092 2213 numero
1104 2187 1289 2213 annorum
