1407 2308
235 52 311 94 DE
331 53 626 107 ORATORE,
650 57 748 97 Lm.
766 58 800 98 I.
830 58 934 100 CAP.
950 60 1015 105 57.
1101 59 1175 98 183

76 157 180 197 cium
203 161 327 200 vocari
351 173 427 200 non
452 163 582 202 solent.
627 164 738 203 Num
763 165 848 216 quis
872 177 915 204 eo
939 171 1175 215 testamento,

74 211 177 263 quod
203 214 472 264 paterfamilias
499 224 587 255 ante
613 216 714 266 fecit,
737 230 853 269 quam
880 218 915 257 ei
938 219 1040 257 filius
1064 225 1175 257 natus

74 271 182 314 esset,
197 267 452 306 haereditatem
462 270 584 321 petit?
606 282 739 309 nemo:
766 271 856 322 quia
868 278 1025 321 constat,
1041 284 1176 322 agnas-

74 318 192 357 cendo
209 320 337 371 rumpi
354 328 633 361 testamentum.
661 323 767 374 Ergo
784 325 824 362 in
843 325 914 363 hoc
931 337 1066 375 genere
1079 324 1176 374 juris

69 371 214 420 judicia
231 374 338 412 nulla
355 382 454 414 sunt.
497 376 605 414 Licet
628 377 744 428 igitur
765 377 922 428 impune
939 378 1076 416 oratori
1093 390 1177 416 om-

71 435 162 464 nem
180 425 278 465 hanc
294 434 441 478 partem
455 429 552 478 juris
568 429 871 483 [incontroversi]
887 431 1072 481 ignorare,
1089 443 1176 482 quae

72 489 160 528 pars
191 479 271 518 sine
297 480 414 519 dubio
442 483 564 521 multo
590 483 761 521 maxima
788 490 868 522 est:
906 484 947 521 in
975 497 1019 523 eo
1047 491 1175 522 autem

69 531 171 580 jure,
191 532 293 583 quod
311 534 516 586 ambigitur
533 536 630 574 inter
648 536 904 587 peritissimos,
919 549 995 575 non
1010 544 1065 575 est
1077 536 1175 575 diffi-

72 583 144 622 cile
161 586 311 635 oratori,
332 588 413 636 ejus
427 588 558 639 partis,
579 602 860 641 quamcumque
878 589 1067 638 defendat,
1087 603 1175 629 auc-

73 643 194 675 torem
208 639 374 690 aliquem
389 640 576 688 invenire3
601 656 624 680 a
638 655 714 693 quo
728 655 816 681 cum
830 650 1037 681 amentatas
1050 643 1176 682 hastas

72 692 268 742 acceperit,
286 692 367 743 ipse
385 705 445 733 eas
464 695 618 733 oratoris
636 696 781 734 lacertis
795 696 1012 747 viribusque
1024 703 1175 748 torque-

73 743 152 781 bit:
177 744 250 782 nisi
268 758 354 784 vero
373 747 490 789 (bona
508 748 618 786 venia
635 749 750 798 hujus
767 749 901 800 optimi
915 749 985 788 viri
999 749 1174 799 dixerim,

72 796 266 845 Scaevolae)
287 804 342 847 tu,
361 799 498 838 libellis
516 808 582 839 aut
599 802 792 853 praeceptis
810 802 924 841 soceri
938 802 1008 851 tui,
1024 815 1176 841 causam

75 849 138 887 M’
159 849 265 888 Curii
292 851 503 891 defendisti.
545 854 686 893 Nonne
711 855 900 906 arripuisti
926 855 1176 906 patrocinium

73 903 274 953 aequitatis‚
298 911 336 942 et
358 904 611 945 defensionem
636 914 958 958 testamentorum,
982 921 1025 946 ac
1043 909 1177 947 volun-

74 955 161 994 tatis
178 963 414 996 mortuorum
428 960 446 997 ?
484 959 561 1008 Ac,
580 960 667 999 mea
689 961 843 1013 quidem
867 961 1065 1011 sententia,
1085 961 1176 1005 (fre-

73 1020 194 1060 quens
223 1010 326 1049 enim
350 1018 388 1050 te
409 1011 550 1062 audivi,
574 1020 688 1065 atque
712 1014 822 1063 affui)
846 1015 969 1054 multo
992 1016 1177 1064 majorem

73 1069 220 1112 partem
237 1065 506 1104 sententiarum
521 1067 597 1105 sale
610 1074 676 1105 tuo
689 1074 726 1105 et
738 1069 878 1120 lepore,
894 1075 930 1106 et
944 1068 1176 1120 politissimis

73 1114 228 1165 facetiis,
248 1118 448 1168 pellexisti,
468 1132 557 1158 cum
582 1126 619 1158 et
643 1120 740 1160 illud
764 1121 928 1160 nimium
953 1133 1112 1160 acumen
1129 1122 1177 1159 il-

73 1167 234 1218 luderes,
254 1178 291 1209 et
308 1170 534 1212 admirarere
551 1173 748 1224 ingenium
767 1174 956 1224 Scaevolae,
976 1175 1043 1227 qui
1066 1187 1176 1214 exco-

70 1221 238 1273 gitasset,
264 1225 366 1262 nasci
387 1225 493 1276 prius
514 1234 683 1277 oportere
701 1240 818 1278 quarn
838 1228 981 1275 emori;
1011 1240 1176 1279 cumque

71 1275 195 1313 multa
208 1276 411 1328 colligeres,
427 1285 464 1316 et
478 1291 526 1317 ex
539 1280 685 1330 legibus
700 1287 736 1318 et
750 1293 798 1319 ex
812 1281 1172 1330 senatus-consultis,

71 1334 110 1366 et
136 1341 183 1366 ex
210 1329 287 1368 vita
313 1343 356 1368 ac
382 1343 552 1370 sermone
574 1333 781 1382 communi,
807 1346 883 1372 non
910 1334 1023 1373 modo
1050 1341 1173 1383 acute,

73 1379 139 1418 sed
156 1381 269 1420 etiam
288 1383 443 1422 ridicule
461 1397 504 1423 ac
522 1385 664 1433 facete3
694 1387 760 1424 ubi
779 1386 810 1424 si
832 1388 958 1435 verba,
984 1399 1058 1425 non
1078 1399 1173 1436 rem,

74 1445 328 1484 sequeremur,
347 1437 478 1475 confici
495 1438 550 1475 nil
567 1446 702 1489 posset.
732 1439 867 1491 Itaque
884 1439 1081 1479 hilaritatis
1095 1440 1176 1491 ple-

75 1497 169 1523 num
184 1487 370 1535 judicium
388 1502 432 1528 ac
447 1490 586 1529 laetitiae
603 1492 700 1538 fuit;
730 1493 770 1530 in
788 1506 865 1544 quo
883 1493 977 1544 quid
994 1493 1064 1531 tibi
1079 1493 1175 1542 juris

75 1539 193 1578 civilis
226 1542 439 1581 exercitatio
467 1544 662 1595 profuerit,
690 1558 766 1584 non
793 1546 990 1597 intelligo;
1031 1546 1178 1584 dicendi

75 1592 130 1631 vis
149 1594 311 1645 egregia,
331 1597 482 1634 summa
494 1596 692 1636 festivitate
707 1606 743 1636 et
756 1606 950 1637 venustate
963 1600 1176 1648 conjuncta,

75 1645 230 1697 profuit.
269 1648 356 1699 Ipse
381 1649 446 1688 ille
471 1650 640 1700 Mucius,
660 1652 806 1703 paterni
823 1652 920 1702 juris
937 1651 1121 1701 defensor,
1142 1659 1180 1690 et

74 1699 184 1750 quasi
200 1701 416 1750 patrimonii
434 1711 689 1755 propugnator
707 1705 780 1754 sui,
799 1705 893 1756 quid
911 1705 951 1742 in
969 1705 1036 1743 ina
1049 1705 1177 1753 causa,

74 1762 165 1791 cum
195 1760 324 1792 contra
353 1761 391 1793 te
416 1755 566 1806 diceret,
594 1757 733 1806 attulit,
761 1757 865 1809 quod
891 1757 938 1796 de
966 1759 1052 1807 jure
1078 1758 1178 1797 civili

75 1802 317 1855 depromtum
334 1806 551 1848 videretur?
579 1823 697 1861 quam
713 1811 837 1862 legem
855 1810 1023 1849 recitavit
1036 1813 1054 1849 ἓ
1082 1810 1176 1862 quid

76 1858 250 1908 pavefecit
274 1859 445 1909 dicendo,
473 1862 576 1913 quod
599 1862 730 1902 fuisset
757 1863 942 1915 imperitis
963 1863 1144 1902 occultius
1158 1864 1176 1900 Ξ)

78 1921 214 1962 nempe
237 1913 318 1961 ejus
342 1914 466 1952 omnis
489 1915 607 1954 oratio
632 1923 776 1954 versata
793 1923 848 1954 est
864 1916 905 1953 in
924 1928 981 1965 eo,
1001 1923 1045 1954 ut
1063 1916 1177 1967 scrip-

78 1970 161 2000 tum
179 1965 390 2014 plurimum
408 1967 530 2004 valere
547 1974 715 2017 oportere
728 1967 952 2006 defenderet.
982 1969 1040 2005 At
1053 1969 1093 2005 in
1107 1968 1179 2006 hoc

81 2026 217 2064 genere
233 2017 340 2067 pueri
358 2018 460 2068 apud
478 2020 674 2070 magistros
692 2027 910 2059 exercentur
927 2031 1071 2068 omnes,
1091 2032 1179 2059 cum

82 2067 123 2104 in
141 2068 326 2116 ejusmodi
345 2070 464 2109 causis
490 2071 580 2110 alias
609 2073 804 2123 scriptum,
835 2072 925 2110 alias
950 2073 1180 2123 aequitatem,

84 2119 283 2161 defendere
301 2122 492 2163 docentur.
522 2124 576 2163 Et
594 2126 736 2174 (credo)
762 2126 801 2164 in
821 2125 887 2165 illa
904 2125 1035 2165 militis
1058 2126 1184 2174 causa,
