<?xml version="1.0" encoding="UTF-8"?>
<!DOCTYPE html PUBLIC "-//W3C//DTD XHTML 1.0 Transitional//EN"
    "http://www.w3.org/TR/xhtml1/DTD/xhtml1-transitional.dtd">
<html xmlns="http://www.w3.org/1999/xhtml" xml:lang="en" lang="en">
 <head>
  <title>
</title>
<meta http-equiv="Content-Type" content="text/html;charset=utf-8" />
  <meta name='ocr-system' content='tesseract 3.04.00' />
  <meta name='ocr-capabilities' content='ocr_page ocr_carea ocr_par ocr_line ocrx_word'/>
</head>
<body>
  <div class='ocr_page' id='page_1' title='image "./operaern01ciceuoft_0462.png"; bbox 0 0 1429 2344; ppageno 0'>
   <div class='ocr_carea' id='block_1_1' title="bbox 95 58 1180 121">
    <p class='ocr_par' dir='ltr' id='par_1_1' title="bbox 95 58 1180 121">
     <span class='ocr_line' id='line_1_1' title="bbox 95 58 1180 121; baseline 0.007 -16"><span class='ocrx_word' id='word_1_1' title='bbox 95 58 99 65; x_wconf 28' lang='grc' dir='ltr'><em>Α</em></span> <span class='ocrx_word' id='word_1_2' title='bbox 152 70 233 105; x_wconf 84' lang='grc'>444</span> <span class='ocrx_word' id='word_1_3' title='bbox 260 67 338 108; x_wconf 89' lang='lat' dir='ltr'>DE</span> <span class='ocrx_word' id='word_1_4' title='bbox 361 67 568 110; x_wconf 83' lang='lat' dir='ltr'>CLARIS</span> <span class='ocrx_word' id='word_1_5' title='bbox 587 69 972 121; x_wconf 89' lang='lat' dir='ltr'>ORATORIBUS‚</span> <span class='ocrx_word' id='word_1_6' title='bbox 993 71 1098 114; x_wconf 77' lang='lat' dir='ltr'>CAP.</span> <span class='ocrx_word' id='word_1_7' title='bbox 1114 75 1180 115; x_wconf 89' lang='grc'>94.</span> 
     </span>
    </p>
   </div>
   <div class='ocr_carea' id='block_1_2' title="bbox 150 175 1282 2221">
    <p class='ocr_par' dir='ltr' id='par_1_2' title="bbox 150 175 1273 1413">
     <span class='ocr_line' id='line_1_2' title="bbox 152 175 1262 239; baseline 0.007 -25"><span class='ocrx_word' id='word_1_8' title='bbox 152 176 275 215; x_wconf 91' lang='lat' dir='ltr'>causis</span> <span class='ocrx_word' id='word_1_9' title='bbox 294 183 332 215; x_wconf 88' lang='lat' dir='ltr'>et</span> <span class='ocrx_word' id='word_1_10' title='bbox 348 175 589 239; x_wconf 83' lang='lat' dir='ltr'><strong>industriam,</strong></span> <span class='ocrx_word' id='word_1_11' title='bbox 609 185 694 217; x_wconf 91' lang='lat' dir='ltr'>tum</span> <span class='ocrx_word' id='word_1_12' title='bbox 712 186 865 231; x_wconf 88' lang='lat' dir='ltr'>propter</span> <span class='ocrx_word' id='word_1_13' title='bbox 886 181 1109 232; x_wconf 83' lang='lat' dir='ltr'>exquisitius</span> <span class='ocrx_word' id='word_1_14' title='bbox 1127 188 1165 221; x_wconf 87' lang='lat' dir='ltr'>et</span> <span class='ocrx_word' id='word_1_15' title='bbox 1187 181 1262 221; x_wconf 89' lang='lat' dir='ltr'>mi-</span> 
     </span>
     <span class='ocr_line' id='line_1_3' title="bbox 151 230 1263 284; baseline 0.007 -17"><span class='ocrx_word' id='word_1_16' title='bbox 151 230 256 268; x_wconf 90' lang='lat' dir='ltr'>nime</span> <span class='ocrx_word' id='word_1_17' title='bbox 288 230 444 281; x_wconf 82' lang='lat' dir='ltr'>vulgare</span> <span class='ocrx_word' id='word_1_18' title='bbox 469 232 645 271; x_wconf 88' lang='lat' dir='ltr'>orationis</span> <span class='ocrx_word' id='word_1_19' title='bbox 673 246 806 284; x_wconf 87' lang='lat' dir='ltr'>genus,</span> <span class='ocrx_word' id='word_1_20' title='bbox 827 233 974 273; x_wconf 87' lang='lat' dir='ltr'>animos</span> <span class='ocrx_word' id='word_1_21' title='bbox 996 235 1198 274; x_wconf 88' lang='lat' dir='ltr'>hominum</span> <span class='ocrx_word' id='word_1_22' title='bbox 1213 236 1263 275; x_wconf 88' lang='lat' dir='ltr'>ad</span> 
     </span>
     <span class='ocr_line' id='line_1_4' title="bbox 151 284 1260 329; baseline 0.006 -8"><span class='ocrx_word' id='word_1_23' title='bbox 151 296 214 322; x_wconf 89' lang='lat' dir='ltr'>me</span> <span class='ocrx_word' id='word_1_24' title='bbox 228 284 376 322; x_wconf 92' lang='lat' dir='ltr'>dicendi</span> <span class='ocrx_word' id='word_1_25' title='bbox 388 285 553 324; x_wconf 88' lang='lat' dir='ltr'>novitate</span> <span class='ocrx_word' id='word_1_26' title='bbox 567 295 834 326; x_wconf 86' lang='lat' dir='ltr'>converteram.</span> <span class='ocrx_word' id='word_1_27' title='bbox 856 287 965 326; x_wconf 93' lang='lat' dir='ltr'>Nihil</span> <span class='ocrx_word' id='word_1_28' title='bbox 978 288 1026 327; x_wconf 88' lang='lat' dir='ltr'>de</span> <span class='ocrx_word' id='word_1_29' title='bbox 1036 302 1098 328; x_wconf 91' lang='lat' dir='ltr'>me</span> <span class='ocrx_word' id='word_1_30' title='bbox 1109 290 1260 329; x_wconf 86' lang='lat' dir='ltr'>dicam:</span> 
     </span>
     <span class='ocr_line' id='line_1_5' title="bbox 152 337 1263 393; baseline 0.006 -18"><span class='ocrx_word' id='word_1_31' title='bbox 152 337 277 376; x_wconf 89' lang='lat' dir='ltr'>dicam</span> <span class='ocrx_word' id='word_1_32' title='bbox 298 337 344 375; x_wconf 86' lang='lat' dir='ltr'>de</span> <span class='ocrx_word' id='word_1_33' title='bbox 362 339 517 387; x_wconf 86' lang='lat' dir='ltr'>caeteris,</span> <span class='ocrx_word' id='word_1_34' title='bbox 539 353 704 391; x_wconf 87' lang='lat' dir='ltr'>quorum</span> <span class='ocrx_word' id='word_1_35' title='bbox 728 353 842 379; x_wconf 90' lang='lat' dir='ltr'>nemo</span> <span class='ocrx_word' id='word_1_36' title='bbox 867 348 958 388; x_wconf 89' lang='lat' dir='ltr'>erat,</span> <span class='ocrx_word' id='word_1_37' title='bbox 979 343 1047 393; x_wconf 91' lang='lat' dir='ltr'>qui</span> <span class='ocrx_word' id='word_1_38' title='bbox 1074 343 1263 382; x_wconf 85' lang='lat' dir='ltr'>videretur</span> 
     </span>
     <span class='ocr_line' id='line_1_6' title="bbox 152 391 1260 446; baseline 0.007 -18"><span class='ocrx_word' id='word_1_39' title='bbox 152 391 392 442; x_wconf 77' lang='lat' dir='ltr'>exquisitius,</span> <span class='ocrx_word' id='word_1_40' title='bbox 412 406 530 444; x_wconf 82' lang='lat' dir='ltr'>quam</span> <span class='ocrx_word' id='word_1_41' title='bbox 548 394 685 445; x_wconf 86' lang='lat' dir='ltr'>vulgus</span> <span class='ocrx_word' id='word_1_42' title='bbox 697 394 913 443; x_wconf 90' lang='lat' dir='ltr'>hominum,</span> <span class='ocrx_word' id='word_1_43' title='bbox 930 395 1116 435; x_wconf 86' lang='lat' dir='ltr'>studuisse</span> <span class='ocrx_word' id='word_1_44' title='bbox 1128 397 1260 446; x_wconf 89' lang='lat' dir='ltr'>literis,</span> 
     </span>
     <span class='ocr_line' id='line_1_7' title="bbox 153 445 1260 499; baseline 0.007 -17"><span class='ocrx_word' id='word_1_45' title='bbox 153 446 294 496; x_wconf 91' lang='lat' dir='ltr'>quibus</span> <span class='ocrx_word' id='word_1_46' title='bbox 313 445 397 484; x_wconf 89' lang='lat' dir='ltr'>fons</span> <span class='ocrx_word' id='word_1_47' title='bbox 415 447 589 497; x_wconf 88' lang='lat' dir='ltr'>perfectae</span> <span class='ocrx_word' id='word_1_48' title='bbox 616 448 840 499; x_wconf 85' lang='lat' dir='ltr'>eloquentiae</span> <span class='ocrx_word' id='word_1_49' title='bbox 867 449 1103 496; x_wconf 76' lang='lat' dir='ltr'>continetur3</span> <span class='ocrx_word' id='word_1_50' title='bbox 1133 462 1260 499; x_wconf 89' lang='lat' dir='ltr'>nemo,</span> 
     </span>
     <span class='ocr_line' id='line_1_8' title="bbox 152 499 1264 556; baseline 0.006 -20"><span class='ocrx_word' id='word_1_51' title='bbox 152 500 221 550; x_wconf 90' lang='lat' dir='ltr'>qui</span> <span class='ocrx_word' id='word_1_52' title='bbox 239 499 517 551; x_wconf 87' lang='lat' dir='ltr'>philosophiam</span> <span class='ocrx_word' id='word_1_53' title='bbox 537 502 756 552; x_wconf 88' lang='lat' dir='ltr'>complexus</span> <span class='ocrx_word' id='word_1_54' title='bbox 775 508 882 549; x_wconf 88' lang='lat' dir='ltr'>esset,</span> <span class='ocrx_word' id='word_1_55' title='bbox 901 510 1064 556; x_wconf 88' lang='lat' dir='ltr'>matrem</span> <span class='ocrx_word' id='word_1_56' title='bbox 1089 504 1264 543; x_wconf 90' lang='lat' dir='ltr'>omnium</span> 
     </span>
     <span class='ocr_line' id='line_1_9' title="bbox 152 553 1266 608; baseline 0.005 -18"><span class='ocrx_word' id='word_1_57' title='bbox 152 554 249 591; x_wconf 91' lang='lat' dir='ltr'>bene</span> <span class='ocrx_word' id='word_1_58' title='bbox 266 553 454 591; x_wconf 90' lang='lat' dir='ltr'>factorum</span> <span class='ocrx_word' id='word_1_59' title='bbox 472 556 643 606; x_wconf 89' lang='lat' dir='ltr'>beneque</span> <span class='ocrx_word' id='word_1_60' title='bbox 657 555 871 600; x_wconf 78' lang='lat' dir='ltr'>dictorum3</span> <span class='ocrx_word' id='word_1_61' title='bbox 901 567 1027 604; x_wconf 90' lang='lat' dir='ltr'>nemo,</span> <span class='ocrx_word' id='word_1_62' title='bbox 1047 557 1115 608; x_wconf 89' lang='lat' dir='ltr'>qui</span> <span class='ocrx_word' id='word_1_63' title='bbox 1130 558 1194 607; x_wconf 90' lang='lat' dir='ltr'>jus</span> <span class='ocrx_word' id='word_1_64' title='bbox 1212 558 1266 596; x_wconf 85' lang='lat' dir='ltr'>ci-</span> 
     </span>
     <span class='ocr_line' id='line_1_10' title="bbox 154 607 1267 659; baseline 0.005 -15"><span class='ocrx_word' id='word_1_65' title='bbox 154 607 229 645; x_wconf 91' lang='lat' dir='ltr'>vile</span> <span class='ocrx_word' id='word_1_66' title='bbox 245 607 448 655; x_wconf 82' lang='lat' dir='ltr'>didicisset,</span> <span class='ocrx_word' id='word_1_67' title='bbox 469 620 566 654; x_wconf 85' lang='lat' dir='ltr'>rem,</span> <span class='ocrx_word' id='word_1_68' title='bbox 588 607 636 645; x_wconf 88' lang='lat' dir='ltr'>ad</span> <span class='ocrx_word' id='word_1_69' title='bbox 655 608 819 659; x_wconf 87' lang='lat' dir='ltr'>privatas</span> <span class='ocrx_word' id='word_1_70' title='bbox 838 622 968 647; x_wconf 88' lang='lat' dir='ltr'>causas</span> <span class='ocrx_word' id='word_1_71' title='bbox 988 617 1025 648; x_wconf 92' lang='lat' dir='ltr'>et</span> <span class='ocrx_word' id='word_1_72' title='bbox 1043 610 1091 648; x_wconf 90' lang='lat' dir='ltr'>ad</span> <span class='ocrx_word' id='word_1_73' title='bbox 1109 612 1267 651; x_wconf 86' lang='lat' dir='ltr'>oratoris</span> 
     </span>
     <span class='ocr_line' id='line_1_11' title="bbox 153 660 1268 722; baseline 0.005 -24"><span class='ocrx_word' id='word_1_74' title='bbox 153 660 411 722; x_wconf 81' lang='lat' dir='ltr'>prudentiam,</span> <span class='ocrx_word' id='word_1_75' title='bbox 439 661 608 699; x_wconf 82' lang='lat' dir='ltr'>maxime</span> <span class='ocrx_word' id='word_1_76' title='bbox 630 662 901 708; x_wconf 81' lang='lat' dir='ltr'>necessariam3</span> <span class='ocrx_word' id='word_1_77' title='bbox 930 675 1057 708; x_wconf 86' lang='lat' dir='ltr'>nemo,</span> <span class='ocrx_word' id='word_1_78' title='bbox 1091 664 1159 716; x_wconf 92' lang='lat' dir='ltr'>qui</span> <span class='ocrx_word' id='word_1_79' title='bbox 1184 677 1268 704; x_wconf 88' lang='lat' dir='ltr'>me-</span> 
     </span>
     <span class='ocr_line' id='line_1_12' title="bbox 154 715 1267 769; baseline 0.006 -18"><span class='ocrx_word' id='word_1_80' title='bbox 154 715 317 752; x_wconf 84' lang='lat' dir='ltr'>moriam</span> <span class='ocrx_word' id='word_1_81' title='bbox 354 727 482 752; x_wconf 84' lang='lat' dir='ltr'>rerum</span> <span class='ocrx_word' id='word_1_82' title='bbox 519 715 785 753; x_wconf 89' lang='lat' dir='ltr'>Romanarum</span> <span class='ocrx_word' id='word_1_83' title='bbox 827 723 981 764; x_wconf 89' lang='lat' dir='ltr'>teneret,</span> <span class='ocrx_word' id='word_1_84' title='bbox 1021 730 1068 755; x_wconf 85' lang='lat' dir='ltr'>ex</span> <span class='ocrx_word' id='word_1_85' title='bbox 1104 718 1196 769; x_wconf 89' lang='lat' dir='ltr'>qua,</span> <span class='ocrx_word' id='word_1_86' title='bbox 1235 719 1267 758; x_wconf 89' lang='lat' dir='ltr'>si</span> 
     </span>
     <span class='ocr_line' id='line_1_13' title="bbox 154 769 1267 821; baseline 0.005 -15"><span class='ocrx_word' id='word_1_87' title='bbox 154 769 308 819; x_wconf 92' lang='lat' dir='ltr'>quando</span> <span class='ocrx_word' id='word_1_88' title='bbox 336 781 431 819; x_wconf 89' lang='lat' dir='ltr'>opus</span> <span class='ocrx_word' id='word_1_89' title='bbox 456 775 563 817; x_wconf 86' lang='lat' dir='ltr'>esset,</span> <span class='ocrx_word' id='word_1_90' title='bbox 590 771 638 806; x_wconf 91' lang='lat' dir='ltr'>ab</span> <span class='ocrx_word' id='word_1_91' title='bbox 666 769 794 808; x_wconf 87' lang='lat' dir='ltr'>inferis</span> <span class='ocrx_word' id='word_1_92' title='bbox 825 770 1136 821; x_wconf 88' lang='lat' dir='ltr'>locupletissimos</span> <span class='ocrx_word' id='word_1_93' title='bbox 1155 779 1267 812; x_wconf 83' lang='lat' dir='ltr'>testes</span> 
     </span>
     <span class='ocr_line' id='line_1_14' title="bbox 154 822 1269 875; baseline 0.004 -15"><span class='ocrx_word' id='word_1_94' title='bbox 154 822 358 868; x_wconf 80' lang='lat' dir='ltr'>excitaret3</span> <span class='ocrx_word' id='word_1_95' title='bbox 389 835 515 870; x_wconf 86' lang='lat' dir='ltr'>nemo,</span> <span class='ocrx_word' id='word_1_96' title='bbox 536 823 604 874; x_wconf 93' lang='lat' dir='ltr'>qui</span> <span class='ocrx_word' id='word_1_97' title='bbox 621 823 783 861; x_wconf 89' lang='lat' dir='ltr'>breviter</span> <span class='ocrx_word' id='word_1_98' title='bbox 801 831 1022 875; x_wconf 86' lang='lat' dir='ltr'>arguteque,</span> <span class='ocrx_word' id='word_1_99' title='bbox 1041 824 1187 864; x_wconf 89' lang='lat' dir='ltr'>incluso</span> <span class='ocrx_word' id='word_1_100' title='bbox 1201 826 1269 864; x_wconf 91' lang='lat' dir='ltr'>ad-</span> 
     </span>
     <span class='ocr_line' id='line_1_15' title="bbox 155 876 1270 930; baseline 0.004 -16"><span class='ocrx_word' id='word_1_101' title='bbox 155 876 331 924; x_wconf 88' lang='lat' dir='ltr'>versario,</span> <span class='ocrx_word' id='word_1_102' title='bbox 350 877 497 915; x_wconf 87' lang='lat' dir='ltr'>laxaret</span> <span class='ocrx_word' id='word_1_103' title='bbox 525 877 700 926; x_wconf 90' lang='lat' dir='ltr'>judicum</span> <span class='ocrx_word' id='word_1_104' title='bbox 718 877 878 924; x_wconf 91' lang='lat' dir='ltr'>animos,</span> <span class='ocrx_word' id='word_1_105' title='bbox 899 885 1014 930; x_wconf 86' lang='lat' dir='ltr'>atque</span> <span class='ocrx_word' id='word_1_106' title='bbox 1032 891 1055 916; x_wconf 91' lang='lat' dir='ltr'>a</span> <span class='ocrx_word' id='word_1_107' title='bbox 1073 879 1270 918; x_wconf 85' lang='lat' dir='ltr'>severitate</span> 
     </span>
     <span class='ocr_line' id='line_1_16' title="bbox 155 930 1270 991; baseline 0.004 -24"><span class='ocrx_word' id='word_1_108' title='bbox 155 930 348 991; x_wconf 79' lang='lat' dir='ltr'>paulisper</span> <span class='ocrx_word' id='word_1_109' title='bbox 367 930 415 968; x_wconf 90' lang='lat' dir='ltr'>ad</span> <span class='ocrx_word' id='word_1_110' title='bbox 433 930 663 969; x_wconf 88' lang='lat' dir='ltr'>hilaritatem</span> <span class='ocrx_word' id='word_1_111' title='bbox 680 931 877 983; x_wconf 87' lang='lat' dir='ltr'>risumque</span> <span class='ocrx_word' id='word_1_112' title='bbox 890 931 1122 977; x_wconf 88' lang='lat' dir='ltr'>traduceret,</span> <span class='ocrx_word' id='word_1_113' title='bbox 1111 946 1121 956; x_wconf 88' lang='lat'><strong>·</strong></span> <span class='ocrx_word' id='word_1_114' title='bbox 1141 945 1270 983; x_wconf 89' lang='lat' dir='ltr'>nemo,</span> 
     </span>
     <span class='ocr_line' id='line_1_17' title="bbox 156 983 1273 1046; baseline 0.004 -25"><span class='ocrx_word' id='word_1_115' title='bbox 156 984 224 1035; x_wconf 91' lang='lat' dir='ltr'>qui</span> <span class='ocrx_word' id='word_1_116' title='bbox 243 983 399 1022; x_wconf 87' lang='lat' dir='ltr'>dilatare</span> <span class='ocrx_word' id='word_1_117' title='bbox 426 991 565 1035; x_wconf 88' lang='lat' dir='ltr'>posset,</span> <span class='ocrx_word' id='word_1_118' title='bbox 591 992 706 1036; x_wconf 90' lang='lat' dir='ltr'>atque</span> <span class='ocrx_word' id='word_1_119' title='bbox 724 999 747 1023; x_wconf 86' lang='lat' dir='ltr'>a</span> <span class='ocrx_word' id='word_1_120' title='bbox 764 984 918 1046; x_wconf 85' lang='lat' dir='ltr'>propria</span> <span class='ocrx_word' id='word_1_121' title='bbox 944 999 988 1024; x_wconf 89' lang='lat' dir='ltr'>ac</span> <span class='ocrx_word' id='word_1_122' title='bbox 1015 985 1169 1025; x_wconf 89' lang='lat' dir='ltr'>definita</span> <span class='ocrx_word' id='word_1_123' title='bbox 1193 987 1273 1025; x_wconf 88' lang='lat' dir='ltr'>dis-</span> 
     </span>
     <span class='ocr_line' id='line_1_18' title="bbox 155 1037 1273 1098; baseline 0.004 -23"><span class='ocrx_word' id='word_1_124' title='bbox 155 1037 352 1098; x_wconf 82' lang='lat' dir='ltr'>putatione</span> <span class='ocrx_word' id='word_1_125' title='bbox 369 1038 534 1077; x_wconf 89' lang='lat' dir='ltr'>hominis</span> <span class='ocrx_word' id='word_1_126' title='bbox 553 1051 596 1077; x_wconf 91' lang='lat' dir='ltr'>ac</span> <span class='ocrx_word' id='word_1_127' title='bbox 613 1040 807 1090; x_wconf 88' lang='lat' dir='ltr'>temporis,</span> <span class='ocrx_word' id='word_1_128' title='bbox 835 1039 883 1077; x_wconf 90' lang='lat' dir='ltr'>ad</span> <span class='ocrx_word' id='word_1_129' title='bbox 901 1052 1144 1078; x_wconf 91' lang='lat' dir='ltr'>communem</span> <span class='ocrx_word' id='word_1_130' title='bbox 1166 1053 1273 1092; x_wconf 87' lang='lat' dir='ltr'>quae-</span> 
     </span>
     <span class='ocr_line' id='line_1_19' title="bbox 150 1091 1271 1144; baseline 0.003 -15"><span class='ocrx_word' id='word_1_131' title='bbox 150 1091 317 1129; x_wconf 67' lang='lat' dir='ltr'>&#39;stionem</span> <span class='ocrx_word' id='word_1_132' title='bbox 336 1092 501 1131; x_wconf 90' lang='lat' dir='ltr'>universi</span> <span class='ocrx_word' id='word_1_133' title='bbox 519 1092 664 1144; x_wconf 88' lang='lat' dir='ltr'>generis</span> <span class='ocrx_word' id='word_1_134' title='bbox 676 1093 883 1131; x_wconf 89' lang='lat' dir='ltr'>orationem</span> <span class='ocrx_word' id='word_1_135' title='bbox 902 1093 1120 1140; x_wconf 89' lang='lat' dir='ltr'>traducere,</span> <span class='ocrx_word' id='word_1_136' title='bbox 1141 1106 1271 1143; x_wconf 90' lang='lat' dir='ltr'>nemo,</span> 
     </span>
     <span class='ocr_line' id='line_1_20' title="bbox 160 1145 1270 1198; baseline 0.003 -15"><span class='ocrx_word' id='word_1_137' title='bbox 160 1145 241 1197; x_wconf 90' lang='lat' dir='ltr'>qui,</span> <span class='ocrx_word' id='word_1_138' title='bbox 272 1145 482 1184; x_wconf 86' lang='lat' dir='ltr'>delectandi</span> <span class='ocrx_word' id='word_1_139' title='bbox 517 1146 654 1197; x_wconf 85' lang='lat' dir='ltr'>gratia,</span> <span class='ocrx_word' id='word_1_140' title='bbox 683 1146 829 1198; x_wconf 89' lang='lat' dir='ltr'>digredi</span> <span class='ocrx_word' id='word_1_141' title='bbox 860 1159 1065 1198; x_wconf 89' lang='lat' dir='ltr'>parumper</span> <span class='ocrx_word' id='word_1_142' title='bbox 1089 1160 1113 1185; x_wconf 86' lang='lat' dir='ltr'>a</span> <span class='ocrx_word' id='word_1_143' title='bbox 1142 1147 1270 1196; x_wconf 85' lang='lat' dir='ltr'>causa,</span> 
     </span>
     <span class='ocr_line' id='line_1_21' title="bbox 159 1199 1271 1260; baseline 0.002 -23"><span class='ocrx_word' id='word_1_144' title='bbox 159 1212 286 1260; x_wconf 80' lang='lat' dir='ltr'>nemo,</span> <span class='ocrx_word' id='word_1_145' title='bbox 307 1199 374 1250; x_wconf 92' lang='lat' dir='ltr'>qui</span> <span class='ocrx_word' id='word_1_146' title='bbox 388 1200 437 1238; x_wconf 83' lang='lat' dir='ltr'>ad.</span> <span class='ocrx_word' id='word_1_147' title='bbox 450 1200 685 1238; x_wconf 82' lang='lat' dir='ltr'>iracundiam</span> <span class='ocrx_word' id='word_1_148' title='bbox 697 1212 925 1252; x_wconf 86' lang='lat' dir='ltr'>magnopere</span> <span class='ocrx_word' id='word_1_149' title='bbox 939 1200 1122 1250; x_wconf 89' lang='lat' dir='ltr'>judicem,</span> <span class='ocrx_word' id='word_1_150' title='bbox 1142 1213 1271 1250; x_wconf 90' lang='lat' dir='ltr'>nemo,</span> 
     </span>
     <span class='ocr_line' id='line_1_22' title="bbox 159 1253 1271 1315; baseline 0.002 -24"><span class='ocrx_word' id='word_1_151' title='bbox 159 1253 228 1304; x_wconf 93' lang='lat' dir='ltr'>qui</span> <span class='ocrx_word' id='word_1_152' title='bbox 245 1253 295 1292; x_wconf 89' lang='lat' dir='ltr'>ad</span> <span class='ocrx_word' id='word_1_153' title='bbox 309 1253 456 1302; x_wconf 88' lang='lat' dir='ltr'>fletum,</span> <span class='ocrx_word' id='word_1_154' title='bbox 476 1263 602 1305; x_wconf 91' lang='lat' dir='ltr'>posset</span> <span class='ocrx_word' id='word_1_155' title='bbox 621 1254 832 1300; x_wconf 89' lang='lat' dir='ltr'>adducere;</span> <span class='ocrx_word' id='word_1_156' title='bbox 862 1266 990 1315; x_wconf 81' lang='lat' dir='ltr'>nemo,</span> <span class='ocrx_word' id='word_1_157' title='bbox 1011 1254 1078 1305; x_wconf 92' lang='lat' dir='ltr'>qui</span> <span class='ocrx_word' id='word_1_158' title='bbox 1096 1254 1271 1293; x_wconf 85' lang='lat' dir='ltr'>animum</span> 
     </span>
     <span class='ocr_line' id='line_1_23' title="bbox 160 1306 1270 1361; baseline 0.002 -16"><span class='ocrx_word' id='word_1_159' title='bbox 160 1308 256 1357; x_wconf 91' lang='lat' dir='ltr'>ejus,</span> <span class='ocrx_word' id='word_1_160' title='bbox 291 1307 412 1359; x_wconf 88' lang='lat' dir='ltr'>(quod</span> <span class='ocrx_word' id='word_1_161' title='bbox 439 1320 563 1346; x_wconf 92' lang='lat' dir='ltr'>unum</span> <span class='ocrx_word' id='word_1_162' title='bbox 595 1315 652 1346; x_wconf 90' lang='lat' dir='ltr'>est</span> <span class='ocrx_word' id='word_1_163' title='bbox 675 1308 831 1346; x_wconf 88' lang='lat' dir='ltr'>oratoris</span> <span class='ocrx_word' id='word_1_164' title='bbox 857 1308 1028 1346; x_wconf 84' lang='lat' dir='ltr'>maxime</span> <span class='ocrx_word' id='word_1_165' title='bbox 1051 1306 1270 1361; x_wconf 87' lang='lat' dir='ltr'>proprium)</span> 
     </span>
     <span class='ocr_line' id='line_1_24' title="bbox 161 1361 939 1413; baseline 0.001 -14"><span class='ocrx_word' id='word_1_166' title='bbox 161 1374 405 1413; x_wconf 89' lang='lat' dir='ltr'>quocumque</span> <span class='ocrx_word' id='word_1_167' title='bbox 417 1374 474 1400; x_wconf 91' lang='lat' dir='ltr'>res</span> <span class='ocrx_word' id='word_1_168' title='bbox 492 1362 711 1413; x_wconf 83' lang='lat' dir='ltr'>postularet,</span> <span class='ocrx_word' id='word_1_169' title='bbox 731 1361 939 1413; x_wconf 86' lang='lat' dir='ltr'>impellere.</span> 
     </span>
    </p>

    <p class='ocr_par' dir='ltr' id='par_1_3' title="bbox 160 1414 1282 2221">
     <span class='ocr_line' id='line_1_25' title="bbox 216 1414 1269 1467; baseline 0.003 -14"><span class='ocrx_word' id='word_1_170' title='bbox 216 1414 369 1454; x_wconf 89' lang='lat' dir='ltr'>XCIV.</span> <span class='ocrx_word' id='word_1_171' title='bbox 399 1416 552 1467; x_wconf 89' lang='lat' dir='ltr'>Itaque,</span> <span class='ocrx_word' id='word_1_172' title='bbox 582 1428 671 1454; x_wconf 90' lang='lat' dir='ltr'>cum</span> <span class='ocrx_word' id='word_1_173' title='bbox 697 1416 780 1465; x_wconf 85' lang='lat' dir='ltr'>jam</span> <span class='ocrx_word' id='word_1_174' title='bbox 804 1428 912 1467; x_wconf 89' lang='lat' dir='ltr'>paene</span> <span class='ocrx_word' id='word_1_175' title='bbox 935 1416 1146 1456; x_wconf 88' lang='lat' dir='ltr'>evanuisset</span> <span class='ocrx_word' id='word_1_176' title='bbox 1164 1416 1269 1455; x_wconf 90' lang='lat' dir='ltr'>Hor-</span> 
     </span>
     <span class='ocr_line' id='line_1_26' title="bbox 160 1469 1270 1522; baseline 0.003 -15"><span class='ocrx_word' id='word_1_177' title='bbox 160 1469 316 1517; x_wconf 88' lang='lat' dir='ltr'>tensius,</span> <span class='ocrx_word' id='word_1_178' title='bbox 338 1476 374 1507; x_wconf 89' lang='lat' dir='ltr'>et</span> <span class='ocrx_word' id='word_1_179' title='bbox 398 1482 469 1520; x_wconf 86' lang='lat' dir='ltr'>ego</span> <span class='ocrx_word' id='word_1_180' title='bbox 495 1482 595 1508; x_wconf 87' lang='lat' dir='ltr'>anno</span> <span class='ocrx_word' id='word_1_181' title='bbox 616 1482 716 1517; x_wconf 92' lang='lat' dir='ltr'>meo,</span> <span class='ocrx_word' id='word_1_182' title='bbox 750 1476 856 1508; x_wconf 86' lang='lat' dir='ltr'>sexto</span> <span class='ocrx_word' id='word_1_183' title='bbox 884 1477 1014 1509; x_wconf 89' lang='lat' dir='ltr'>autem</span> <span class='ocrx_word' id='word_1_184' title='bbox 1043 1478 1129 1522; x_wconf 88' lang='lat' dir='ltr'>post</span> <span class='ocrx_word' id='word_1_185' title='bbox 1155 1471 1270 1509; x_wconf 91' lang='lat' dir='ltr'>illum</span> 
     </span>
     <span class='ocr_line' id='line_1_27' title="bbox 161 1524 1271 1572; baseline 0.002 -11"><span class='ocrx_word' id='word_1_186' title='bbox 161 1524 370 1571; x_wconf 88' lang='lat' dir='ltr'>consulem,</span> <span class='ocrx_word' id='word_1_187' title='bbox 391 1525 523 1562; x_wconf 91' lang='lat' dir='ltr'>consul</span> <span class='ocrx_word' id='word_1_188' title='bbox 540 1524 662 1562; x_wconf 88' lang='lat' dir='ltr'>factus</span> <span class='ocrx_word' id='word_1_189' title='bbox 680 1536 812 1572; x_wconf 87' lang='lat' dir='ltr'>essem,</span> <span class='ocrx_word' id='word_1_190' title='bbox 833 1537 1004 1563; x_wconf 87' lang='lat' dir='ltr'>revocare</span> <span class='ocrx_word' id='word_1_191' title='bbox 1015 1537 1054 1563; x_wconf 90' lang='lat' dir='ltr'>se</span> <span class='ocrx_word' id='word_1_192' title='bbox 1072 1524 1121 1562; x_wconf 89' lang='lat' dir='ltr'>ad</span> <span class='ocrx_word' id='word_1_193' title='bbox 1138 1524 1271 1563; x_wconf 90' lang='lat' dir='ltr'>indus-</span> 
     </span>
     <span class='ocr_line' id='line_1_28' title="bbox 161 1576 1273 1630; baseline 0.002 -15"><span class='ocrx_word' id='word_1_194' title='bbox 161 1576 275 1615; x_wconf 87' lang='lat' dir='ltr'>triam</span> <span class='ocrx_word' id='word_1_195' title='bbox 294 1577 429 1628; x_wconf 81' lang='lat' dir='ltr'>coepit3</span> <span class='ocrx_word' id='word_1_196' title='bbox 459 1589 522 1625; x_wconf 91' lang='lat' dir='ltr'>ne,</span> <span class='ocrx_word' id='word_1_197' title='bbox 542 1590 631 1616; x_wconf 90' lang='lat' dir='ltr'>cum</span> <span class='ocrx_word' id='word_1_198' title='bbox 649 1590 756 1629; x_wconf 90' lang='lat' dir='ltr'>pares</span> <span class='ocrx_word' id='word_1_199' title='bbox 783 1577 924 1616; x_wconf 87' lang='lat' dir='ltr'>honore</span> <span class='ocrx_word' id='word_1_200' title='bbox 942 1591 1121 1627; x_wconf 88' lang='lat' dir='ltr'>essemus,</span> <span class='ocrx_word' id='word_1_201' title='bbox 1141 1577 1273 1630; x_wconf 81' lang='lat' dir='ltr'>aliqua</span> 
     </span>
     <span class='ocr_line' id='line_1_29' title="bbox 162 1631 1272 1684; baseline 0.002 -16"><span class='ocrx_word' id='word_1_202' title='bbox 162 1644 203 1669; x_wconf 88' lang='lat' dir='ltr'>re</span> <span class='ocrx_word' id='word_1_203' title='bbox 222 1631 429 1682; x_wconf 89' lang='lat' dir='ltr'>superiores</span> <span class='ocrx_word' id='word_1_204' title='bbox 447 1631 671 1670; x_wconf 78' lang='lat' dir='ltr'>videremur.</span> <span class='ocrx_word' id='word_1_205' title='bbox 712 1631 774 1670; x_wconf 90' lang='lat' dir='ltr'>Sic</span> <span class='ocrx_word' id='word_1_206' title='bbox 804 1631 1005 1670; x_wconf 90' lang='lat' dir='ltr'>duodecim</span> <span class='ocrx_word' id='word_1_207' title='bbox 1032 1639 1118 1684; x_wconf 86' lang='lat' dir='ltr'>post</span> <span class='ocrx_word' id='word_1_208' title='bbox 1140 1644 1272 1670; x_wconf 89' lang='lat' dir='ltr'>meum</span> 
     </span>
     <span class='ocr_line' id='line_1_30' title="bbox 163 1684 1275 1737; baseline 0 -13"><span class='ocrx_word' id='word_1_209' title='bbox 163 1685 405 1724; x_wconf 85' lang='lat' dir='ltr'>consulatum</span> <span class='ocrx_word' id='word_1_210' title='bbox 423 1698 541 1723; x_wconf 88' lang='lat' dir='ltr'>annos</span> <span class='ocrx_word' id='word_1_211' title='bbox 559 1685 600 1723; x_wconf 90' lang='lat' dir='ltr'>in</span> <span class='ocrx_word' id='word_1_212' title='bbox 617 1684 797 1723; x_wconf 88' lang='lat' dir='ltr'>maximis</span> <span class='ocrx_word' id='word_1_213' title='bbox 815 1685 950 1733; x_wconf 89' lang='lat' dir='ltr'>causis,</span> <span class='ocrx_word' id='word_1_214' title='bbox 976 1698 1064 1724; x_wconf 87' lang='lat' dir='ltr'>cum</span> <span class='ocrx_word' id='word_1_215' title='bbox 1082 1697 1153 1737; x_wconf 88' lang='lat' dir='ltr'>ego</span> <span class='ocrx_word' id='word_1_216' title='bbox 1175 1685 1275 1723; x_wconf 88' lang='lat' dir='ltr'>mihi</span> 
     </span>
     <span class='ocr_line' id='line_1_31' title="bbox 163 1738 1275 1790; baseline 0.002 -15"><span class='ocrx_word' id='word_1_217' title='bbox 163 1739 291 1785; x_wconf 89' lang='lat' dir='ltr'>illum,</span> <span class='ocrx_word' id='word_1_218' title='bbox 311 1738 382 1776; x_wconf 91' lang='lat' dir='ltr'>sibi</span> <span class='ocrx_word' id='word_1_219' title='bbox 399 1751 462 1777; x_wconf 91' lang='lat' dir='ltr'>me</span> <span class='ocrx_word' id='word_1_220' title='bbox 480 1739 546 1777; x_wconf 90' lang='lat' dir='ltr'>ille</span> <span class='ocrx_word' id='word_1_221' title='bbox 564 1739 778 1786; x_wconf 86' lang='lat' dir='ltr'>anteferret,</span> <span class='ocrx_word' id='word_1_222' title='bbox 807 1739 1111 1790; x_wconf 86' lang='lat' dir='ltr'>conjunctissime</span> <span class='ocrx_word' id='word_1_223' title='bbox 1137 1738 1275 1778; x_wconf 78' lang='lat' dir='ltr'>versati</span> 
     </span>
     <span class='ocr_line' id='line_1_32' title="bbox 166 1792 1275 1845; baseline 0 -14"><span class='ocrx_word' id='word_1_224' title='bbox 166 1805 323 1831; x_wconf 79' lang='lat' dir='ltr'>sumus:</span> <span class='ocrx_word' id='word_1_225' title='bbox 354 1793 645 1845; x_wconf 86' lang='lat' dir='ltr'>consulatusque</span> <span class='ocrx_word' id='word_1_226' title='bbox 672 1805 794 1840; x_wconf 90' lang='lat' dir='ltr'>meus,</span> <span class='ocrx_word' id='word_1_227' title='bbox 814 1793 882 1844; x_wconf 89' lang='lat' dir='ltr'>qui</span> <span class='ocrx_word' id='word_1_228' title='bbox 908 1793 1021 1831; x_wconf 91' lang='lat' dir='ltr'>illum</span> <span class='ocrx_word' id='word_1_229' title='bbox 1039 1793 1163 1844; x_wconf 88' lang='lat' dir='ltr'>primo</span> <span class='ocrx_word' id='word_1_230' title='bbox 1181 1792 1275 1831; x_wconf 90' lang='lat' dir='ltr'>levi-</span> 
     </span>
     <span class='ocr_line' id='line_1_33' title="bbox 166 1846 1274 1898; baseline 0 -14"><span class='ocrx_word' id='word_1_231' title='bbox 166 1853 223 1884; x_wconf 87' lang='lat' dir='ltr'>ter</span> <span class='ocrx_word' id='word_1_232' title='bbox 240 1846 521 1897; x_wconf 83' lang='lat' dir='ltr'>perstrinxerat,</span> <span class='ocrx_word' id='word_1_233' title='bbox 536 1846 639 1885; x_wconf 90' lang='lat' dir='ltr'>idem</span> <span class='ocrx_word' id='word_1_234' title='bbox 658 1858 726 1885; x_wconf 93' lang='lat' dir='ltr'>nos</span> <span class='ocrx_word' id='word_1_235' title='bbox 744 1859 872 1885; x_wconf 90' lang='lat' dir='ltr'>rerum</span> <span class='ocrx_word' id='word_1_236' title='bbox 882 1859 1056 1885; x_wconf 86' lang='lat' dir='ltr'>mearum</span> <span class='ocrx_word' id='word_1_237' title='bbox 1067 1853 1274 1898; x_wconf 85' lang='lat' dir='ltr'>gestarum,</span> 
     </span>
     <span class='ocr_line' id='line_1_34' title="bbox 168 1899 1277 1951; baseline 0.002 -14"><span class='ocrx_word' id='word_1_238' title='bbox 168 1912 264 1951; x_wconf 87' lang='lat' dir='ltr'>quas</span> <span class='ocrx_word' id='word_1_239' title='bbox 282 1899 347 1937; x_wconf 88' lang='lat' dir='ltr'>ille</span> <span class='ocrx_word' id='word_1_240' title='bbox 365 1900 637 1949; x_wconf 89' lang='lat' dir='ltr'>admirabatur,</span> <span class='ocrx_word' id='word_1_241' title='bbox 662 1900 777 1938; x_wconf 85' lang='lat' dir='ltr'>laude</span> <span class='ocrx_word' id='word_1_242' title='bbox 800 1901 1059 1950; x_wconf 79' lang='lat' dir='ltr'>conjunxerat.</span> <span class='ocrx_word' id='word_1_243' title='bbox 1099 1899 1277 1939; x_wconf 87' lang='lat' dir='ltr'>Maxime</span> 
     </span>
     <span class='ocr_line' id='line_1_35' title="bbox 168 1953 1279 2006; baseline 0 -15"><span class='ocrx_word' id='word_1_244' title='bbox 168 1966 256 1991; x_wconf 91' lang='lat' dir='ltr'>vero</span> <span class='ocrx_word' id='word_1_245' title='bbox 268 1961 460 2005; x_wconf 87' lang='lat' dir='ltr'>perspecta</span> <span class='ocrx_word' id='word_1_246' title='bbox 474 1962 529 1992; x_wconf 88' lang='lat' dir='ltr'>est</span> <span class='ocrx_word' id='word_1_247' title='bbox 539 1954 737 2006; x_wconf 89' lang='lat' dir='ltr'>utriusque</span> <span class='ocrx_word' id='word_1_248' title='bbox 747 1956 920 1992; x_wconf 63' lang='lat' dir='ltr'>nostram</span> <span class='ocrx_word' id='word_1_249' title='bbox 935 1953 1150 1992; x_wconf 88' lang='lat' dir='ltr'>exercitatio</span> <span class='ocrx_word' id='word_1_250' title='bbox 1161 1953 1279 2004; x_wconf 87' lang='lat' dir='ltr'>paulo</span> 
     </span>
     <span class='ocr_line' id='line_1_36' title="bbox 170 2006 1279 2059; baseline 0.001 -15"><span class='ocrx_word' id='word_1_251' title='bbox 170 2013 271 2054; x_wconf 91' lang='lat' dir='ltr'>ante,</span> <span class='ocrx_word' id='word_1_252' title='bbox 293 2020 423 2058; x_wconf 90' lang='lat' dir='ltr'>quam,</span> <span class='ocrx_word' id='word_1_253' title='bbox 442 2007 685 2059; x_wconf 87' lang='lat' dir='ltr'>perterritum</span> <span class='ocrx_word' id='word_1_254' title='bbox 702 2008 831 2056; x_wconf 83' lang='lat' dir='ltr'>armis,</span> <span class='ocrx_word' id='word_1_255' title='bbox 850 2007 922 2046; x_wconf 91' lang='lat' dir='ltr'>hoc</span> <span class='ocrx_word' id='word_1_256' title='bbox 940 2006 1125 2055; x_wconf 88' lang='lat' dir='ltr'>studium,</span> <span class='ocrx_word' id='word_1_257' title='bbox 1140 2007 1279 2055; x_wconf 88' lang='lat' dir='ltr'>Brute,</span> 
     </span>
     <span class='ocr_line' id='line_1_37' title="bbox 171 2060 1280 2111; baseline 0.001 -14"><span class='ocrx_word' id='word_1_258' title='bbox 171 2068 345 2098; x_wconf 87' lang='lat' dir='ltr'>nostrum</span> <span class='ocrx_word' id='word_1_259' title='bbox 374 2061 554 2100; x_wconf 88' lang='lat' dir='ltr'>conticuit</span> <span class='ocrx_word' id='word_1_260' title='bbox 582 2061 707 2100; x_wconf 88' lang='lat' dir='ltr'>subito</span> <span class='ocrx_word' id='word_1_261' title='bbox 739 2069 777 2100; x_wconf 90' lang='lat' dir='ltr'>et</span> <span class='ocrx_word' id='word_1_262' title='bbox 811 2060 1027 2100; x_wconf 84' lang='lat' dir='ltr'>obmutuit:</span> <span class='ocrx_word' id='word_1_263' title='bbox 1057 2073 1161 2108; x_wconf 92' lang='lat' dir='ltr'>cum,</span> <span class='ocrx_word' id='word_1_264' title='bbox 1194 2060 1280 2111; x_wconf 83' lang='lat' dir='ltr'>lege</span> 
     </span>
     <span class='ocr_line' id='line_1_38' title="bbox 171 2113 1279 2164; baseline 0.001 -13"><span class='ocrx_word' id='word_1_265' title='bbox 171 2113 357 2164; x_wconf 58' lang='lat' dir='ltr'>Pompei&amp;</span> <span class='ocrx_word' id='word_1_266' title='bbox 376 2115 490 2153; x_wconf 88' lang='lat' dir='ltr'>ternis</span> <span class='ocrx_word' id='word_1_267' title='bbox 513 2115 616 2154; x_wconf 89' lang='lat' dir='ltr'>horis</span> <span class='ocrx_word' id='word_1_268' title='bbox 635 2115 685 2154; x_wconf 83' lang='lat' dir='ltr'>ad</span> <span class='ocrx_word' id='word_1_269' title='bbox 706 2114 910 2154; x_wconf 87' lang='lat' dir='ltr'>dicendum</span> <span class='ocrx_word' id='word_1_270' title='bbox 927 2113 1038 2163; x_wconf 83' lang='lat' dir='ltr'>datis,</span> <span class='ocrx_word' id='word_1_271' title='bbox 1070 2113 1120 2152; x_wconf 88' lang='lat' dir='ltr'>ad</span> <span class='ocrx_word' id='word_1_272' title='bbox 1147 2125 1279 2153; x_wconf 84' lang='lat' dir='ltr'>causas</span> 
     </span>
     <span class='ocr_line' id='line_1_39' title="bbox 171 2166 1282 2221; baseline 0.001 -16"><span class='ocrx_word' id='word_1_273' title='bbox 171 2167 385 2208; x_wconf 78' lang='lat' dir='ltr'>simillimas</span> <span class='ocrx_word' id='word_1_274' title='bbox 403 2169 501 2208; x_wconf 85' lang='lat' dir='ltr'>inter</span> <span class='ocrx_word' id='word_1_275' title='bbox 519 2182 572 2218; x_wconf 87' lang='lat' dir='ltr'>se,</span> <span class='ocrx_word' id='word_1_276' title='bbox 593 2169 653 2209; x_wconf 88' lang='lat' dir='ltr'>vel</span> <span class='ocrx_word' id='word_1_277' title='bbox 671 2168 797 2221; x_wconf 86' lang='lat' dir='ltr'>potius</span> <span class='ocrx_word' id='word_1_278' title='bbox 815 2168 981 2218; x_wconf 79' lang='lat' dir='ltr'>easdem,</span> <span class='ocrx_word' id='word_1_279' title='bbox 1000 2167 1090 2209; x_wconf 87' lang='lat' dir='ltr'>novi</span> <span class='ocrx_word' id='word_1_280' title='bbox 1106 2166 1282 2209; x_wconf 82' lang='lat' dir='ltr'>venieba-</span> 
     </span>
    </p>
   </div>
  </div>
 </body>
</html>
