1429 2344
180 81 254 121 192
338 81 415 121 DE
444 83 739 132 ORATORE,
771 84 869 123 Lm.
887 83 945 122 ΙΙ.
975 83 1134 123 ΟΑΡ.2.

173 188 233 227 his
269 189 498 238 doctoribus,
537 192 676 243 quibus
713 192 777 230 ille
818 199 999 239 uteretur,
1038 191 1286 238 erudiremur,

173 242 288 280 etiam
314 244 409 282 illud
432 258 530 296 saepe
552 246 808 283 intelleximus
828 249 932 290 (cum
955 244 1160 297 [essemus]
1187 246 1287 294 ejus-

173 296 291 345 modi,
324 298 426 348 quod
456 299 516 337 vel
545 299 653 350 pueri
683 300 819 338 sentire
847 306 1079 351 poteramus)
1109 299 1221 336 illum
1251 306 1287 336 et

175 349 306 388 Graece
324 351 376 388 sic
394 351 515 402 loqui,
535 353 683 391 nullam
703 360 746 390 ut
772 355 881 391 nosse
899 353 1014 390 aliam
1038 353 1211 403 linguam
1231 352 1286 390 vi-

173 402 337 452 deretur,
370 412 406 442 et
424 405 638 444 doctoribus
668 407 802 444 nostris
832 420 875 444 ea
903 419 1042 457 ponere
1070 406 1111 444 in
1129 417 1286 457 percon-

171 457 300 505 tando,
321 471 440 509 eaque
457 459 584 510 ipsum
603 459 708 498 omni
726 459 766 497 in
786 473 955 498 sermone
974 467 1145 507 tractare,
1165 466 1210 497 ut
1228 459 1286 496 ni-

171 510 227 547 hil
253 524 331 549 esse
361 512 395 550 ei
423 524 581 561 novum,
613 513 709 551 nihil
738 514 954 551 inauditum
984 513 1183 551 videretur.
1223 512 1287 551 De

171 564 345 604 Antonio
364 579 464 615 ver0,
486 580 722 618 quamquam
742 580 840 618 saepe
859 580 906 605 ex
924 566 1200 604 humanissimo
1217 566 1287 604 ho-

171 618 288 667 mine,
319 627 455 669 patruo
481 628 621 668 nostro,
654 633 931 671 acceperamus,
962 619 1287 671 quemadmodum

170 671 236 709 ille
256 673 314 711 vel
333 673 498 711 Athenis
518 675 577 712 vel
608 674 738 712 Rhodi
768 687 806 712 se
834 674 1137 712 doctissimorum
1162 673 1286 711 homi-

171 737 267 763 num
286 727 521 765 sermonibus
540 727 726 774 dedisset3
758 735 887 766 tamen
916 728 998 779 ipse
1028 727 1287 765 adolescentu-

171 779 246 827 lus,
276 788 464 831 quantum
482 781 584 819 illius
602 781 767 820 ineuntis
796 782 915 820 aetatis
947 794 1042 820 meae
1071 780 1286 833 patiebatur

171 833 309 883 pudor,
330 834 454 872 multa
472 848 519 872 ex
539 849 582 873 eo
601 849 699 887 saepe
718 835 885 887 quaesivi.
920 836 1012 873 Non
1032 835 1102 873 erit
1119 835 1287 886 profecto

171 887 255 933 tibi,
277 888 380 938 quod
399 888 533 937 scribo,
553 889 626 927 hoc
644 902 801 937 novum,
830 892 937 932 (nam
952 890 1035 938 jam
1054 895 1138 926 tum
1157 902 1205 927 ex
1223 901 1286 926 me

171 940 368 987 audiebas)
399 942 495 980 mihi
524 943 650 991 illum,
680 957 727 981 ex
746 943 878 981 multis
897 942 1085 994 variisque
1103 942 1285 980 sermoni-

170 995 255 1041 bus,
276 995 420 1033 nullius
442 996 510 1045 rei,
531 1010 617 1047 quae
637 997 791 1048 quidem
811 1003 905 1034 esset
922 996 963 1033 in
981 996 1040 1034 his
1059 996 1216 1044 artibus,
1237 995 1285 1033 de

171 1048 311 1098 quibus
330 1048 477 1100 aliquid
495 1050 709 1088 existimare
733 1063 896 1101 possem,
927 1050 1063 1088 rudem
1092 1057 1159 1087 aut
1177 1049 1284 1100 igna-

170 1114 258 1138 rum
277 1115 355 1140 esse
375 1103 510 1141 visum.
551 1104 626 1142 Sed
651 1104 726 1141 fuit
745 1105 817 1143 hoc
834 1104 874 1141 in
894 1110 1055 1154 utroque
1074 1116 1220 1151 eorum,
1241 1110 1284 1140 ut

170 1155 327 1193 Crassus
342 1168 418 1194 non
433 1165 512 1194 tam
527 1158 735 1195 existimari
749 1159 861 1196 vellet
874 1170 951 1195 non
967 1157 1151 1205 didicisse,
1166 1169 1284 1208 quam

169 1209 236 1246 illa
263 1209 463 1260 despicere,
489 1218 525 1249 et
550 1219 764 1249 nostrorum
791 1211 994 1250 hominum
1021 1211 1061 1248 in
1088 1211 1194 1248 omni
1219 1224 1284 1261 ge-

169 1274 259 1300 nere
277 1264 519 1313 prudentiam
540 1264 681 1303 Graecis
700 1266 906 1303 anteferre:
936 1264 1132 1302 Antonius
1154 1272 1283 1302 autem

169 1317 462 1367 probabiliorem
493 1318 564 1356 hoc
595 1320 738 1370 populo
767 1319 974 1357 orationem
1003 1318 1083 1356 fore
1112 1320 1286 1356 censebat

170 1383 294 1418 suam,
316 1371 347 1408 si
373 1372 528 1410 omnino
554 1372 726 1410 didicisse
750 1385 951 1424 nunquam
975 1379 1197 1424 putaretur:
1227 1380 1284 1409 at-

170 1436 245 1474 que
264 1424 317 1462 ita
336 1437 374 1463 se
400 1432 559 1476 uterque
584 1427 795 1477 graviorem
820 1426 913 1474 fore,
940 1426 971 1464 si
997 1426 1092 1463 alter
1116 1432 1284 1464 contem-

169 1489 271 1524 nere,
293 1479 387 1516 alter
404 1491 453 1517 ne
471 1482 580 1518 nosse
599 1481 770 1532 quidem,
792 1480 951 1518 Graecos
963 1479 1162 1517 videretur.

224 1531 402 1578 Quorum
422 1534 622 1571 consilium
641 1535 753 1586 quale
771 1534 898 1582 fuerit,
919 1533 1016 1570 nihil
1040 1545 1128 1571 sane
1147 1533 1196 1571 ad
1213 1532 1285 1571 hoc

168 1592 332 1635 tempus.
375 1586 481 1624 Illud
504 1596 632 1626 autem
659 1595 714 1626 est
738 1588 854 1637 hujus
872 1587 1055 1625 institutae
1074 1586 1285 1637 scriptionis

171 1651 213 1675 ac
233 1640 427 1689 temporis,
448 1642 641 1680 neminem
661 1642 890 1693 eloquentia,
910 1653 986 1678 non
1005 1640 1120 1678 modo
1133 1640 1213 1678 sine
1227 1640 1285 1677 di-

170 1692 280 1729 cendi
300 1693 484 1742 doctrina,
505 1695 571 1733 sed
593 1708 641 1733 ne
666 1695 746 1733 sine
770 1695 876 1733 omni
901 1694 1057 1746 quidem
1084 1693 1282 1745 sapientie,

170 1745 301 1784 florere
320 1759 493 1798 unquam
513 1756 550 1786 et
567 1756 744 1800 praestare
761 1749 938 1800 potuisse.

226 1799 283 1836 ΙΙ.
313 1799 469 1838 Etenim
493 1809 635 1840 caeterae
653 1802 730 1840 fere
749 1810 846 1840 artes
865 1815 903 1840 se
921 1801 1013 1853 ipsae
1030 1813 1098 1852 per
1117 1814 1155 1839 se
1173 1808 1283 1840 tuen-

171 1859 234 1889 tur
253 1853 436 1904 singulae:
464 1856 560 1893 bene
578 1856 699 1894 dicere
718 1863 860 1903 autem,
881 1854 984 1907 quod
1003 1862 1058 1892 est
1076 1854 1233 1893 scienter
1247 1863 1285 1893 et

169 1907 289 1956 perite
308 1915 345 1945 et
359 1916 492 1946 ornate
510 1909 645 1957 dicere,
666 1922 742 1947 non
763 1909 878 1947 habet
896 1908 1093 1946 definitam
1112 1909 1282 1960 aliquam

172 1960 379 2010 regionem,
414 1963 523 2011 cujus
554 1963 725 2001 terminis
757 1970 862 2014 septa
892 1967 1074 2000 teneatur.
1122 1961 1282 2009 Omnia,

171 2027 424 2066 quaecumque
439 2016 480 2052 in
498 2016 700 2054 hominum
723 2017 1029 2068 disceptationem
1049 2014 1180 2053 cadere
1197 2028 1284 2066 pos-

172 2074 275 2115 sunt,
295 2069 391 2106 bene
410 2078 498 2107 sunt
517 2071 550 2107 ei
569 2071 741 2119 dicenda,
762 2071 829 2123 qui
847 2071 918 2109 hoc
943 2083 982 2108 se
1006 2081 1115 2120 posse
1132 2070 1284 2120 profite-

169 2127 253 2166 tur3
276 2129 341 2159 aut
356 2123 580 2174 eloquentiae
593 2136 733 2163 nomen
748 2123 1040 2177 relinquendum
1059 2129 1126 2160 est.
1155 2122 1288 2170 Quare

164 2174 340 2224 equidem
361 2184 396 2214 et
415 2177 454 2215 in
475 2179 601 2218 nostr&
620 2181 783 2231 civitate,
804 2190 839 2220 et
858 2183 896 2222 in
911 2182 994 2234 ips⁸a
1011 2177 1050 2217 G
1061 2176 1185 2226 raecifi,
1201 2190 1290 2229 <11¹ae
