1428 2308
184 47 260 87 DE
281 47 666 97 INVENTIONE,
698 49 794 86 1113.
819 48 874 86 ΙΙ.
907 48 1009 86 ΟΑΡ.
1031 48 1068 85 3.
1125 47 1171 84 61

78 153 338 192 modissimum
366 156 556 206 quodque,
590 168 706 206 quam
741 168 819 192 sese
848 155 914 191 uni
943 154 1054 192 alicui
1081 161 1182 191 certo

79 207 218 245 vellent
235 207 418 255 addicere,
438 210 564 246 minus
587 209 625 245 in
651 208 900 258 arrogantiam
924 207 1178 249 offenderent;

78 271 154 297 non
180 267 371 322 tantopere
395 261 435 299 in
461 262 560 299 vitiis
583 268 883 312 perseverarent,
873 274 882 283 ·
910 261 1103 311 aliquanto
1127 260 1175 296 le-

78 312 161 350 vius
192 326 239 351 ex
271 314 466 352 inscientia
496 315 717 352 laborarent.
760 314 822 352 Ac
853 313 884 350 si
911 326 979 364 par
1005 314 1044 350 in
1073 313 1183 350 nobis

77 365 193 414 hujus
219 366 322 414 artis,
353 374 466 418 atque
493 367 533 404 in
560 368 626 405 ino
654 367 824 418 picturae,
857 366 1009 404 scientia
1035 365 1180 411 fuisset,

77 417 231 457 fortasse
248 419 369 470 magis
383 420 453 458 hoc
468 433 535 458 suo
549 420 587 457 in
603 433 737 480 genere
751 433 845 470 opus
859 426 1043 466 nostrum,
1064 431 1181 469 quam

77 470 170 509 ille
158 484 199 509 m
217 485 287 510 sua
303 473 451 523 pictura
469 473 618 521 nobilis,
639 474 802 511 eniteret.
837 473 901 510 Ex
920 473 1061 520 maj0re
1079 472 1181 509 enim

78 524 186 575 copia
213 525 334 572 nobis,
369 539 484 576 quam
518 526 587 573 ini,
622 526 695 564 fuit
727 527 988 576 exemplorum
1019 525 1183 585 eligendi

77 584 250 629 potestas.
281 579 352 617 lue
367 592 444 617 una
464 593 510 617 ex
526 581 631 626 urbe,
653 588 750 617 etex
765 592 807 617 eo
822 591 979 616 numero
983 578 1183 638 ’virginum

78 643 164 680 quae
182 638 266 668 tum
285 640 404 679 erant,
425 646 444 670 e
476 645 559 670 uere
583 633 729 682 potuit.
760 632 867 670 nobis
889 631 1075 678 omnium,
1097 631 1182 681 qui-

78 696 243 735 cumque
260 684 427 732 fuerunt,
454 687 501 723 ab
528 686 662 723 ultimo
685 685 867 736 principio
884 685 1001 732 hujus
1019 697 1184 734 praecep·

78 736 190 774 tionis
216 751 335 788 usque
353 738 402 775 ad
419 738 489 776 hoc
516 746 679 788 tempus,
706 738 883 788 expositis
907 737 1035 788 copiis,
1063 737 1184 787 quod-

80 802 243 841 cumque
260 791 435 841 placeret,
456 791 618 841 eligendi
636 798 797 841 potestas
816 791 899 828 fuit.

132 843 196 881 Ac
219 851 358 882 veteres
383 844 537 895 quidem
561 844 754 894 scriptores
772 843 875 891 artis,
901 856 1022 894 usque
1040 856 1063 880 a
1080 842 1185 894 prin-

80 895 163 946 cipe
189 896 255 934 1110
284 903 398 948 atque
423 897 616 935 inventore
640 897 747 935 Tisia
776 897 963 947 repetitos,
992 909 1115 934 unum
1143 897 1183 934 in

79 949 206 987 locum
224 949 405 988 conduxit
429 950 663 998 Aristoteles,
691 958 728 988 et
751 950 976 987 nominatim
1001 951 1185 1009 cujusque

78 1009 265 1054 praecepta
281 1003 422 1053 magna
446 1004 654 1054 conquisita
675 1017 765 1042 cura
788 1003 982 1054 perspicue
1000 1003 1185 1053 conscrip-

81 1055 142 1102 sit,
162 1063 276 1106 atque
294 1056 452 1094 enodata
469 1057 666 1107 diligenter
685 1057 880 1108 exposuit:
901 1063 940 1093 at
958 1064 1107 1093 tantmn
1126 1057 1185 1093 'm-

81 1109 296 1147 ventoribus
320 1109 409 1160 ipsis
434 1110 615 1147 suavitate
641 1117 678 1148 et
705 1110 886 1148 brevitate
914 1109 1062 1147 dicendi
1089 1122 1184 1159 prae-

81 1161 188 1209 stitit,
217 1169 261 1200 ut
288 1175 400 1201 nemo
423 1162 576 1201 illorum
605 1171 792 1214 praecepta
816 1176 863 1200 ex
886 1162 1055 1213 ipsormn
1079 1163 1185 1200 libris

81 1223 301 1265 cognoscat3
331 1216 394 1254 sed
413 1228 556 1264 omnes,
577 1217 657 1267 qui,
678 1216 781 1267 quod
797 1216 854 1253 1111
871 1215 1102 1266 praecipiant,
1123 1229 1186 1253 ve-

82 1267 154 1305 lint
170 1268 390 1319 intelligere,
417 1270 466 1307 ad
483 1269 599 1317 hunc,
626 1270 734 1320 quasi
759 1269 807 1307 ad
831 1269 1037 1320 quemdam
1062 1269 1186 1306 multo

82 1321 373 1360 commodiorem
391 1323 670 1373 explicatorem,
691 1330 934 1360 revertantur.
976 1321 1108 1371 Atque
1126 1321 1187 1359 hic

82 1374 237 1424 quidem
260 1375 340 1426 ipse
364 1384 401 1412 et
427 1389 503 1413 sese
527 1376 654 1426 ipsum
673 1375 794 1422 nobis,
815 1382 851 1413 et
870 1387 931 1412 eos
951 1374 1017 1434 qui
1036 1382 1122 1412 ante
1146 1387 1186 1412 se

82 1426 245 1474 fuerant,
264 1427 305 1465 in
322 1428 446 1466 medio
464 1429 602 1479 posuit,
618 1436 662 1466 ut
675 1437 712 1466 et
729 1436 878 1466 caeteros
893 1434 929 1465 et
942 1427 1107 1478 seipsum
1120 1440 1188 1478 per

83 1493 121 1518 se
139 1492 467 1531 cognosceremus·
497 1483 544 1520 ab
569 1482 640 1519 hoc
666 1489 793 1519 autem
820 1481 886 1532 qui
910 1480 1066 1531 profecti
1083 1487 1186 1527 sunt,

83 1546 319 1584 quamquam
342 1534 381 1571 in
407 1534 584 1572 maximis
609 1534 855 1586 philosophiae
872 1534 1042 1585 partibus
1066 1546 1188 1593 operae

83 1586 294 1637 plurimum
307 1595 605 1636 consumserunt,
626 1587 720 1626 sicut
734 1596 770 1626 et
788 1588 880 1638 ipse,
897 1588 1004 1636 cujus
1017 1587 1190 1624 instituta

84 1641 351 1690 sequebantur,
384 1640 546 1687 fecerat,
575 1648 703 1679 tamen
734 1641 923 1692 permulta
954 1640 1061 1678 nobis
1093 1653 1188 1691 prae-

84 1700 192 1743 cepta
208 1693 356 1731 dicendi
371 1694 614 1745 reliquerunt.
647 1694 780 1745 Atque
798 1693 863 1731 alii
881 1705 1032 1744 quoque
1051 1693 1124 1731 alio
1142 1706 1189 1730 ex

84 1745 187 1783 fonte
199 1753 442 1798 praeceptores
456 1746 603 1785 dicendi
618 1753 900 1794 emanaverunt,
920 1746 988 1797 qui
1001 1746 1092 1784 item
1106 1759 1190 1797 per-

85 1799 254 1836 multum
277 1800 326 1837 ad
350 1799 566 1848 dicendum,
593 1800 624 1838 si
649 1799 742 1851 quid
759 1813 818 1838 ars
836 1799 995 1850 proficit,
1016 1799 1189 1850 opitulati

86 1858 198 1890 sunt:
238 1864 328 1890 nam
359 1852 433 1890 fuit
464 1860 631 1904 tempore
663 1853 807 1900 eodem,
846 1865 922 1903 quo
953 1852 1188 1897 Aristoteles,

86 1917 248 1955 magnus
262 1914 298 1944 et
311 1906 447 1944 nobilis
460 1906 584 1944 rhetor
598 1906 778 1944 Isocrates
791 1919 803 1951 ς
820 1907 928 1954 cujus
942 1905 1059 1956 ipsius
1073 1917 1189 1955 quam

87 1965 229 1996 constet
260 1971 337 1997 esse
368 1966 501 2007 artem,
530 1971 606 1997 non
633 1959 858 1997 invenimus.
905 1958 1188 2008 Discipulorum

87 2018 231 2058 autem,
257 2019 370 2062 atque
388 2025 517 2050 eorum
543 2013 610 2063 qui
633 2012 803 2063 protinus
822 2013 869 2049 ab
888 2011 959 2049 hac
977 2018 1064 2048 sunt
1083 2009 1191 2047 disci-

83 2064 190 2114 plina
207 2065 375 2116 profecti,
395 2066 518 2103 multa
535 2065 582 2103 de
600 2073 677 2103 arte
695 2072 879 2116 praecepta
898 2063 1112 2114 reperimus.

143 2116 224 2155 ΙΙΙ.
253 2117 316 2155 Ex
342 2118 400 2155 his
425 2118 572 2157 duabus
595 2118 747 2157 diversis
772 2118 881 2156 sicuti
899 2116 1065 2164 familiis,
1081 2118 1192 2166 (qua-

90 2170 285 2217 (Rheior.)
308 2182 463 2209 v01.1.
847 2181 873 2206 G
