1429 2344
229 78 309 116 362
348 75 424 114 DE
445 75 649 116 CLARIS
668 75 1054 124 ORATORIBUS,
1071 75 1176 114 CAP.
1191 76 1229 112 8.

225 184 329 222 omni
347 195 482 234 genere
500 182 662 231 virtutis,
686 182 758 221 hac
781 190 910 221 tamen
933 182 1008 220 fuit
1031 181 1145 220 laude
1171 179 1329 219 clarissi-

224 250 323 275 mus.
353 237 535 275 Cleonem
560 236 674 274 etiam
696 236 930 287 temporibus
953 236 1042 284 illis,
1063 235 1329 273 turbulentum

226 291 338 328 illum
363 290 518 340 quidem
545 289 679 337 civem,
700 288 766 327 sed
783 296 911 327 tamen
929 290 1168 341 eloquentem
1187 292 1331 326 constat

226 343 353 381 fuisse.
383 343 488 381 Huic
503 343 604 381 aetati
618 356 796 393 suppares
807 343 1041 390 Alcibiades,
1057 342 1208 389 Critias,
1225 340 1330 378 The-

227 409 421 434 ramenes:
444 396 583 446 quibus
597 397 831 446 temporibus
849 396 953 447 quod
971 395 1119 434 dicendi
1137 407 1257 445 genus
1276 393 1332 430 vi-

227 450 364 500 guerit,
385 462 432 487 ex
451 449 690 500 Thucydidis
705 449 864 500 scriptis,
886 449 953 500 qui
967 449 1047 499 ipse
1061 455 1145 486 tum
1163 447 1252 495 fuit,
1272 447 1332 484 in-

228 503 349 553 telligi
372 503 540 540 maxime
563 509 696 553 potest.
734 501 907 540 Grandes
926 509 1032 539 erant
1051 501 1187 549 verbis,
1215 500 1333 538 crebri

228 556 433 603 sententiis,
454 555 727 606 compressione
745 568 872 593 rerum
890 557 1034 603 breves,
1057 562 1093 592 et
1111 556 1160 592 ob
1175 567 1261 592 eam
1274 554 1333 604 ip-

229 621 311 647 sam
330 622 481 647 causam
500 609 692 646 interdum
712 609 942 646 subobscuri.

284 663 409 701 VIII.
446 662 535 710 Sed,
555 669 599 699 ut
623 662 857 699 intellectum
877 669 944 709 est,
965 667 1148 712 quantam
1167 659 1246 698 vim
1265 659 1334 697 ha-

228 717 333 754 beret
357 722 530 753 accurata
558 722 594 752 et
620 715 719 752 facta
752 715 1033 765 quodammodo
1065 714 1208 759 oratio3
1251 720 1336 750 tum

229 769 344 807 etiam
362 768 534 818 magistri
548 768 697 806 dicendi
710 768 824 805 multi
838 768 962 805 subito
976 767 1199 805 exstiterunt
1212 781 1223 811 3
1252 772 1336 804 tum

230 822 441 860 Leontinus
480 822 654 871 Gorgias,
692 821 1000 871 Thrasymachus
1047 819 1336 867 Chalcedonius,

231 877 456 925 Protagoras
466 874 684 921 Abderites,
701 874 883 912 Prodicus
900 874 1012 922 Ceus,
1028 874 1192 924 Hippias
1204 873 1336 920 Eleus,

232 929 272 966 in
305 929 446 966 honore
477 941 618 979 magno
649 928 751 972 fuit;
792 928 932 979 aliique
963 927 1077 964 multi
1105 926 1339 977 temporibus

231 982 372 1020 eisdem
405 981 536 1019 docere
568 994 606 1018 se
637 981 923 1032 profitebantur,
957 981 1218 1031 arrogantibus
1251 992 1340 1018 sane

232 1034 370 1081 verbis,
400 1034 725 1085 quemadmodum
754 1047 866 1071 causa
889 1033 1042 1071 inferior
1061 1033 1131 1076 (ita
1155 1033 1257 1070 enim
1281 1033 1338 1070 lo-

234 1090 465 1139 quebantur)
494 1087 652 1125 dicendo
676 1087 757 1124 fieri
782 1087 949 1137 superior
973 1094 1108 1137 posset.
1143 1087 1197 1124 Iis
1221 1099 1340 1136 oppo-

231 1141 307 1179 suit
325 1154 402 1178 sese
422 1142 603 1187 Socrates,
625 1141 692 1191 qui
710 1140 915 1178 subtilitate
934 1140 1102 1191 quadam
1120 1139 1338 1190 disputandi

231 1195 400 1232 refellere
432 1207 563 1232 eorum
586 1194 758 1231 instituta
783 1194 925 1231 solebat
952 1193 1085 1231 verbis.
1129 1193 1261 1242 Hujus
1291 1205 1339 1230 ex

233 1247 433 1285 uberrimis
470 1247 706 1284 sermonibus
742 1247 964 1284 exstiterunt
1000 1246 1206 1284 doctissimi
1241 1245 1337 1283 viriz

232 1301 478 1352 primumque
509 1306 594 1337 tum
626 1300 878 1350 philosophia,
909 1312 986 1337 non
1018 1300 1084 1336 illa
1113 1300 1159 1337 de
1186 1299 1338 1347 natura,

234 1368 321 1405 quae
347 1354 471 1391 fuerat
489 1353 692 1404 antiquior,
720 1353 785 1390 sed
809 1353 903 1398 haec,
923 1353 963 1390 in
982 1353 1060 1404 qua
1078 1352 1125 1390 de
1150 1353 1258 1390 bonis
1283 1365 1341 1389 re-

232 1409 305 1446 bus
325 1414 362 1445 et
379 1407 503 1454 malis,
524 1406 646 1457 deque
664 1406 866 1444 hominum
880 1407 958 1444 vita
976 1413 1013 1444 et
1030 1406 1199 1444 moribus
1210 1406 1340 1456 dispu-

226 1468 347 1508 tatur,
363 1460 517 1498 inventa
535 1460 682 1497 dicitur.
712 1459 830 1506 Quod
848 1460 1030 1510 quoniam
1048 1472 1168 1510 genus
1186 1461 1234 1497 ab
1253 1459 1339 1505 hoc,

232 1514 334 1564 quod
363 1512 642 1564 proposuimus,
675 1513 865 1561 abhorret,
893 1513 1136 1564 philosophos
1162 1512 1267 1550 aliud
1299 1513 1339 1549 in

232 1573 382 1617 tempus
414 1566 650 1615 rejiciamus:
680 1566 730 1603 ad
758 1573 934 1614 oratores,
967 1579 991 1604 a
1017 1566 1157 1618 quibus
1185 1565 1341 1617 digressi

234 1632 380 1667 sumuS,
406 1626 648 1657 revertamur.

287 1673 447 1710 Exstitit
464 1673 592 1722 igitur,
610 1674 692 1721 jam
711 1672 862 1710 senibus
879 1672 968 1720 illis,
993 1685 1088 1723 quos
1113 1673 1229 1723 paulo
1255 1680 1343 1710 ante

233 1725 414 1772 diximus,
433 1725 626 1771 Isocrates,
641 1727 750 1774 cujus
762 1726 898 1764 domus
909 1734 1054 1763 cunctae
1067 1725 1222 1763 Graeciae
1234 1726 1346 1776 quasi

233 1778 347 1817 ludus
367 1778 524 1830 quidam
538 1779 677 1829 patuit,
691 1786 806 1829 atque
818 1779 965 1816 officina
976 1778 1124 1816 dicendi
1137 1792 1149 1822 ;
1178 1791 1342 1828 magnus

234 1839 372 1880 orator,
393 1839 430 1869 et
447 1832 633 1881 perfectus
651 1832 843 1881 magister,
857 1844 1090 1883 quamquam
1106 1831 1244 1869 forensi
1258 1832 1343 1870 luce

236 1885 370 1933 caruit,
396 1884 570 1935 intraque
601 1884 761 1935 parietes
788 1885 882 1922 aluit
911 1897 996 1922 eam
1023 1884 1198 1935 gloriam,
1225 1898 1343 1936 quam

235 1950 349 1976 nemo
362 1940 464 1982 (meo
478 1937 632 1988 quidem
642 1937 801 1986 judicio)
822 1945 877 1975 est
893 1944 1023 1988 postea
1040 1945 1273 1976 consecutus.
1304 1938 1344 1976 Is

236 1998 273 2028 et
300 1992 380 2042 ipse
405 1990 551 2041 scripsit
571 1991 695 2028 multa
718 1991 909 2041 praeclare,
930 1997 967 2028 et
991 1990 1120 2029 docuit
1145 1991 1262 2029 alios:
1292 1998 1343 2039 et,

233 2057 324 2082 cum
353 2051 486 2082 caetera
509 2044 646 2082 melius
673 2057 791 2095 quam
819 2044 1041 2095 superiores,
1071 2051 1155 2082 tum
1181 2043 1344 2096 primus,

230 2097 432 2145 intellexit,
453 2096 568 2134 etiam
586 2097 626 2134 in
646 2097 770 2136 soluta
788 2098 969 2146 oratione,
990 2097 1084 2135 dum
1109 2110 1262 2135 versum
1290 2097 1344 2135 ef-

232 2152 394 2202 fugeres,
413 2149 573 2189 modum
588 2158 715 2190 tamen
734 2157 771 2189 et
789 2162 993 2190 numerum
1012 2151 1219 2202 quemdam
1236 2163 1346 2202 opor-
