1429 2344
205 76 283 115 228
346 76 423 116 DE
452 76 747 128 ORATORE,
776 77 876 118 LIB.
897 77 957 118 11.
986 77 1091 119 CAP.
1111 79 1177 118 34.

205 183 348 232 fuisse3
377 192 435 233 ut,
456 185 559 237 quod
576 186 750 225 homines
774 193 895 226 essent
919 186 1227 234 innumerabiles,
1246 185 1313 225 de-

203 238 343 277 bilitati
361 253 384 277 a
405 241 491 289 jure
509 241 779 291 cognoscendo,
808 242 1043 279 voluntatem
1068 240 1235 280 discendi
1261 240 1311 279 si-

202 292 287 328 mul
307 306 394 330 cum
414 307 478 344 spe
496 294 730 345 perdiscendi
748 294 1005 343 abjiceremus.

259 346 333 383 Sed
353 347 432 385 haec
453 347 608 386 Crassus
628 348 833 399 aliquando
851 349 959 387 nobis
977 348 1164 399 expediet,
1185 354 1222 386 et
1246 360 1313 386 ex-

202 408 318 448 ponet
337 400 521 451 descripta
535 403 742 453 generatim
757 417 766 439 :
789 410 842 440 est
857 403 974 451 enim,
987 414 1035 440 ne
1046 401 1141 440 forte
1154 402 1311 451 nescias,

199 451 282 489 heri
308 455 416 492 nobis
440 455 504 492 ille
529 456 613 503 hoc,
635 455 784 503 Catule,
810 456 1015 507 pollicitus,
1035 469 1074 494 se
1097 456 1161 504 jus
1186 456 1309 504 civile,

203 507 307 556 quod
324 520 426 546 nunc
441 508 625 547 diffusum
637 517 674 547 et
688 510 912 560 dissipatum
926 517 994 557 est,
1011 510 1052 547 in
1066 516 1165 547 certa
1178 522 1315 560 genera

201 568 434 609 coacturum,
456 570 492 600 et
514 564 563 601 ad
581 571 701 602 artem
725 563 834 601 facile
859 563 1113 602 redacturum.
1149 563 1204 601 Et
1225 563 1311 614 qui-

201 612 303 662 dem,
331 615 457 666 inquit
484 616 658 664 Catulus,
685 616 988 669 haudquaquam
1013 616 1054 654 id
1079 623 1134 654 est
1159 616 1311 655 difficile

202 666 349 715 Crasso,
367 670 434 720 qui
453 677 502 718 et,
524 672 627 722 quod
646 670 738 709 disci
756 671 881 722 potuit
895 671 941 708 de
956 672 1056 720 jure,
1072 669 1226 708 didicit:
1258 677 1309 719 et,

202 721 306 771 quod
320 722 378 770 iis,
395 723 462 774 qui
481 738 569 762 eum
584 725 807 773 docuerunt,
823 725 958 773 defuit,
973 724 1054 775 ipse
1068 723 1196 761 afferet
1212 737 1224 769 ;
1253 731 1312 772 ut,

201 787 288 824 quae
306 776 380 814 sint
398 778 438 814 in
455 779 554 826 jure,
576 780 635 816 vel
653 785 740 829 apte
755 778 974 825 describere,
991 778 1051 816 vel
1063 784 1192 815 ornate
1203 777 1311 815 illus-

201 834 298 866 trare
313 831 440 880 possit.
470 831 575 882 Ergo
586 832 671 879 ista,
685 832 810 883 inquit
821 832 1031 878 Antonius,
1044 838 1129 868 tum
1143 844 1166 868 a
1177 831 1313 869 Crasso

197 881 398 931 discemus,
419 897 508 922 cum
533 899 571 922 se
590 886 636 923 de
655 887 781 933 turba,
803 893 839 923 et
857 899 880 923 a
898 885 1098 933 subselliis,
1118 885 1159 922 in
1185 885 1309 922 otium

203 937 263 977 (ut
294 937 448 987 cogitat)
474 938 690 989 soliumque
714 939 926 976 contulerit.
965 939 1060 977 Jam
1085 938 1126 975 id
1154 938 1311 990 quidem

200 1002 312 1040 saepe,
333 990 459 1041 inquit
474 991 649 1038 Catulus,
671 1004 718 1029 ex
737 1005 780 1029 eo
799 992 940 1040 audivi,
962 1005 1050 1030 cum
1069 992 1221 1039 diceret,
1238 993 1311 1030 sibi

199 1050 345 1080 certum
365 1057 456 1092 esse,
482 1058 504 1082 a
525 1045 677 1093 judiciis
703 1045 900 1096 causisque
925 1046 1136 1083 discedere:
1167 1045 1246 1093 sed,
1266 1053 1311 1084 ut

198 1096 271 1147 ipsi
290 1098 389 1135 soleo
409 1098 544 1146 dicere,
565 1111 641 1136 non
660 1098 798 1136 licebit.
829 1100 967 1150 Neque
985 1099 1087 1137 enim
1101 1099 1182 1150 ipse
1200 1099 1311 1136 auxi-

197 1149 296 1188 lium
316 1164 430 1189 suum
449 1165 546 1203 saepe
565 1166 588 1190 a
606 1152 694 1190 viris
717 1152 826 1190 bonis
844 1152 983 1190 frustra
1000 1152 1196 1203 implorari
1213 1152 1312 1203 pati-

197 1211 294 1253 etur,
324 1218 448 1256 neque
475 1207 516 1243 id
544 1219 653 1258 aequo
681 1206 810 1244 animo
839 1205 935 1244 feret
963 1206 1118 1251 civitas;
1149 1219 1249 1257 quae,
1278 1206 1311 1244 si

195 1270 286 1296 voce
304 1259 351 1296 L.
375 1259 500 1297 Crassi
519 1260 672 1308 carebit,
693 1266 914 1298 ornamento
937 1259 1105 1310 quodam
1124 1273 1202 1297 sese
1221 1272 1307 1311 spo-

195 1311 329 1350 liatam
363 1314 525 1364 putabit.
570 1314 691 1361 Nam,
724 1313 863 1361 hercle,
890 1313 1016 1364 inquit
1039 1313 1249 1361 Antonius,
1276 1313 1309 1351 si

195 1364 277 1403 haec
295 1379 381 1404 vere
399 1380 424 1404 a
441 1367 580 1405 Catulo
599 1367 699 1405 dicta
717 1373 818 1415 sunt,
839 1367 910 1405 tibi
934 1379 1087 1404 mecum
1108 1366 1149 1403 in
1175 1367 1308 1405 eodem

197 1426 252 1457 est
272 1420 444 1470 pistrino,
467 1421 613 1469 Crasse,
634 1421 865 1459 vivendum:
896 1427 933 1459 et
957 1421 1070 1458 istam
1088 1420 1309 1459 oscitantem

198 1480 235 1510 et
266 1473 534 1513 dormitantem
561 1475 785 1526 sapientiam
809 1474 1064 1513 Scaevolarum
1089 1481 1126 1512 et
1159 1481 1310 1513 caetero-

195 1539 284 1564 rum
303 1529 502 1566 beatorum
521 1529 597 1567 otio
617 1529 878 1567 concedamus.
906 1528 1049 1566 Arrisit
1067 1527 1131 1566 hie
1150 1528 1309 1566 Crassus

194 1580 354 1627 leniter3
386 1589 435 1630 et,
454 1583 614 1621 Pertexe
631 1583 760 1632 modo,
780 1582 919 1633 inquit,
939 1582 1103 1629 Antoni,
1120 1581 1223 1633 quod
1242 1595 1309 1620 ex-

195 1646 301 1672 orsus
330 1648 391 1673 es:
422 1649 485 1674 me
514 1643 643 1674 tamen
672 1637 744 1674 ista
773 1637 933 1674 oscitans
962 1635 1158 1686 sapientia,
1188 1635 1305 1673 simul

195 1694 310 1738 atque
325 1689 373 1726 ad
392 1702 476 1727 eam
495 1690 713 1741 confugero,
733 1690 774 1727 in
791 1690 1005 1727 libertatem
1023 1689 1243 1726 vindicabit.-

249 1741 453 1781 XXXIV.
484 1744 616 1792 Hujus
642 1743 799 1794 quidem
823 1743 910 1791 loci,
938 1755 1054 1793 quem
1079 1742 1194 1780 modo
1217 1755 1305 1780 sum

193 1808 362 1844 exorsus,
383 1796 445 1834 hic
464 1804 518 1834 est
536 1797 636 1844 finis,
655 1797 782 1848 inquit
795 1796 1014 1834 Antonius:
1045 1796 1227 1846 quoniam
1245 1795 1306 1833 in-

193 1849 391 1899 telligitur,
408 1862 483 1887 non
496 1851 536 1888 in
547 1850 750 1888 hominum
765 1849 1107 1888 innumerabilibus
1121 1849 1304 1900 personis,

192 1914 316 1953 neque
334 1903 375 1940 in
389 1903 539 1942 infinita
551 1911 768 1955 temporum
782 1904 974 1952 varietate,
991 1902 1056 1941 sed
1067 1903 1107 1940 in
1119 1916 1305 1953 generum

192 1956 313 1994 causis
332 1964 446 2008 atque
463 1958 622 2006 naturis,
636 1958 765 1996 omnia
783 1957 855 1995 sita
873 1970 965 2005 esse,
986 1970 1072 2008 quae
1086 1956 1126 1994 in
1141 1956 1305 1995 dubium

192 2018 441 2057 vocarentur3
471 2024 607 2062 genera
632 2019 761 2049 autem
788 2024 866 2049 esse
892 2011 1060 2058 definita,
1080 2022 1157 2048 non
1180 2010 1306 2048 solum

192 2074 366 2113 numero,
387 2065 452 2103 sed
471 2065 584 2103 etiam
602 2066 817 2117 paucitate3
847 2071 892 2103 ut
906 2077 990 2104 eam
1004 2063 1202 2102 materiem
1220 2076 1305 2102 ora·-

193 2116 320 2165 tionis,
341 2131 427 2169 quae
445 2120 629 2170 cujusque
647 2128 742 2158 esset
759 2119 918 2170 generis,
935 2117 1092 2157 studiosi
1103 2117 1171 2169 qui
1182 2124 1304 2156 essent

193 2169 355 2221 dicendi,
371 2173 549 2213 omnibus
566 2172 658 2214 locis
675 2172 916 2226 descriptam,
935 2171 1174 2224 instructam,
1193 2183 1306 2210 orna-
