1429 2344
179 66 253 105 110
282 61 358 102 DE
390 52 778 111 INVENTIONE,
810 62 907 101 Lm.
930 61 988 101 11.
1019 63 1122 102 cn.
1139 62 1203 102 49.

174 172 311 221 verbis,
332 171 555 216 consistere3
585 179 622 210 et
645 170 764 220 judex
790 170 822 209 is
847 170 1018 209 videatur
1041 170 1118 222 legi
1139 170 1287 209 obtem-

175 239 318 279 perare,
339 226 406 277 qui
426 225 649 263 sententiam
669 226 764 274 ejus,
785 237 861 263 non
881 225 948 277 qui
967 225 1207 276 scripturam,
1228 235 1286 262 sc-

175 288 342 333 quaturz
382 278 530 326 deinde,
561 292 678 330 quam
705 278 908 329 indignum
937 279 998 326 sit,
1028 278 1160 318 eodem
1187 276 1287 315 affici

175 333 361 385 supplicio
386 346 488 379 eum,
510 333 578 383 qui
602 338 754 383 propter
779 332 934 384 aliquod
961 333 1081 371 scelus
1107 339 1144 370 et
1168 330 1286 369 auda-

174 389 272 427 ciam
291 394 419 425 contra
436 386 560 436 legem
580 385 721 434 fecerit,
743 392 779 423 et
803 399 906 434 eum,
928 386 1009 437 qui,
1036 385 1195 424 honesta
1219 392 1295 422 aut

173 440 380 480 necessaria
404 439 451 477 de
477 439 603 486 causa,
624 452 700 478 non
727 441 775 477 ab
799 439 998 487 sententia,
1019 439 1084 478 sed
1102 441 1150 477 ab
1169 438 1288 477 literis

172 495 266 546 Iegis
284 493 495 532 recesserit:
526 500 640 544 atque
664 493 738 540 his,
758 499 796 531 et
819 493 1043 543 hujusmodi
1060 492 1284 539 rationibus,

173 557 211 588 et
229 547 347 598 accipi
365 559 532 594 causam,
554 554 592 585 et
609 547 649 584 in
667 546 739 584 hac
757 547 841 597 lege
863 547 995 598 accipi,
1023 556 1060 585 et
1086 559 1170 584 eam
1197 558 1291 584 cau-

171 616 268 650 sam,
283 614 398 654 quam
414 601 493 651 ipse
505 600 649 647 afferat,
666 608 836 651 oportere
851 601 983 652 accipi,
1000 599 1286 638 demonstrabit.

170 657 225 695 Et
243 654 568 708 quemadmodum
588 654 622 692 ei
641 654 872 702 dicebamus,
893 654 961 705 qui
987 667 1010 692 a
1032 654 1170 704 scripto
1188 653 1294 692 dice-·

170 718 240 758 ret,
269 710 340 748 hoc
367 708 446 747 fore
473 708 735 755 utilissimum,
765 707 796 745 si
825 708 919 759 quid
947 708 994 746 de
1021 708 1198 759 aequitate
1225 707 1285 755 ea,

169 778 256 816 quae
275 776 363 802 cum
382 762 592 800 adversario
612 768 738 808 staret,
759 761 996 812 derogiisset3
1024 762 1077 800 sic
1094 761 1198 808 huic,
1219 761 1288 812 qui

169 824 298 857 contra
325 817 507 867 scriptum
535 815 646 863 dicet,
675 815 889 866 plurimum
917 815 1096 867 proderit,
1129 828 1175 853 ex
1203 814 1288 865 ipsa

169 870 356 922 scriptura
383 869 529 921 aliquid
556 869 604 907 ad
632 882 740 907 suam
773 882 927 907 causam
960 876 1186 916 convertere,
1221 874 1289 906 aut

169 926 348 975 ambigue
367 923 512 974 aliquid
531 923 713 974 scriptum
736 923 955 968 ostendere;
986 922 1122 961 deinde
1147 935 1195 960 ex
1221 922 1289 960 illo

170 979 351 1029 ambiguo
384 990 468 1016 eam
500 983 662 1027 partem,
692 989 779 1027 quae
806 976 879 1014 sibi
905 977 1037 1028 prosit,
1071 975 1285 1023 defendere,

171 1040 238 1072 aut
256 1032 361 1070 verbi
379 1030 636 1069 definitionem
656 1030 847 1077 inducere,
869 1037 907 1068 et
931 1031 1034 1068 illius
1060 1029 1165 1068 verbi
1190 1029 1285 1077 vim,

171 1100 248 1138 quo
266 1085 393 1137 urgeri
411 1084 596 1131 videatur,
618 1084 666 1122 ad
688 1097 766 1122 suae
792 1096 913 1122 causae
939 1083 1185 1122 commodum
1211 1090 1291 1121 tra-

170 1141 320 1186 ducere,
341 1146 408 1177 aut
427 1151 474 1176 ex
494 1138 630 1189 scripto
648 1150 725 1176 non
745 1137 929 1188 scriptum
946 1137 1092 1189 aliquid
1109 1136 1289 1175 inducere

169 1208 237 1246 per
255 1192 591 1239 ratiocinationem,
612 1191 659 1229 de
678 1191 757 1243 qua
776 1200 861 1242 post
876 1191 1056 1230 dicemus.
1086 1190 1289 1238 Quacum-

170 1262 246 1300 que
271 1253 399 1286 autem
426 1246 466 1283 in
493 1259 546 1293 re,
568 1245 743 1296 quamvis
771 1245 902 1283 leviter
927 1245 1130 1297 probabili,
1151 1244 1289 1295 scripto

169 1302 252 1353 ipso
271 1315 310 1340 se
328 1299 549 1347 defenderit,
571 1300 685 1337 etiarn
713 1312 800 1337 cum
829 1298 1006 1350 aequitate
1032 1311 1145 1337 causa
1166 1300 1288 1336 abun-

170 1355 290 1402 dabit,
315 1353 521 1392 necessario
545 1353 714 1391 multum
735 1352 920 1404 proficiet,
941 1352 1026 1390 ideo
1045 1351 1161 1404 quod,
1182 1352 1214 1390 si
1233 1351 1287 1400 id,

169 1422 247 1461 quo
265 1408 399 1447 nititur
417 1406 716 1445 adversariorum
735 1419 861 1454 causa,
878 1406 1116 1454 subduxerit,
1132 1418 1287 1443 omnem

167 1464 276 1501 illam
310 1463 392 1511 ejus
424 1461 503 1498 vim
536 1467 574 1499 et
601 1460 848 1498 acrimoniam
875 1460 1025 1498 lenierit
1051 1473 1095 1498 ac
1121 1459 1286 1497 diluerit.

169 1516 263 1554 Loci
282 1523 411 1554 autem
426 1526 648 1552 communes
663 1514 787 1553 caeteri
801 1526 848 1552 ex
862 1513 1103 1552 assumtionis
1116 1513 1288 1564 partibus

168 1571 209 1609 in
227 1577 429 1620 utramque
447 1575 596 1619 partem
615 1567 851 1606 convenient.
893 1568 1082 1606 Praeterea
1100 1567 1195 1615 ejus,
1219 1567 1288 1618 qui

169 1637 192 1662 a
211 1624 348 1674 scripto
366 1623 478 1668 dicet,
505 1622 607 1672 leges
633 1634 680 1659 ex
707 1634 759 1669 se,
786 1633 863 1660 non
889 1634 937 1659 ex
956 1621 1052 1671 ejus,
1073 1620 1141 1672 qui
1159 1628 1289 1659 contra

168 1676 414 1722 commiserit,
448 1675 626 1722 utilitate,
661 1675 821 1726 spectari
851 1681 1035 1726 oportere,
1070 1681 1107 1712 ct
1137 1673 1290 1724 legibus

168 1730 364 1783 antiquius
395 1729 527 1767 haberi
554 1727 652 1766 nihil
683 1735 864 1779 oportere.
913 1727 1057 1766 Contra
1087 1727 1287 1778 scriptum,

167 1785 269 1836 leges
287 1783 328 1821 in
347 1781 502 1822 consilio
521 1781 723 1833 scriptoris,
745 1789 783 1820 et
801 1781 964 1819 utilitate
981 1781 1192 1830 communi,
1210 1793 1287 1819 non

168 1838 209 1876 in
229 1837 352 1877 verbis
370 1835 581 1875 consistere.
611 1835 745 1882 Quam
763 1834 967 1885 indignum
986 1834 1048 1882 sit,
1069 1834 1288 1886 aequitatem

168 1891 285 1930 literis
304 1889 445 1941 urgeri,
466 1902 555 1940 quae
573 1888 767 1928 voluntate
792 1889 888 1938 ejus,
909 1887 977 1940 qui
1000 1887 1201 1940 scripserit,
1222 1887 1289 1926 de-

167 1945 356 1984 fendatur.

221 1996 380 2038 XLIX.
410 1995 475 2034 Ex
494 1995 690 2034 contrariis
708 2002 838 2033 autem
861 1995 1010 2046 legibus
1035 1994 1287 2034 controversia

165 2052 348 2099 nascitur,
368 2063 457 2089 cum
475 2049 573 2087 inter
587 2062 626 2087 se
640 2048 726 2087 duae
741 2048 918 2087 videntur
931 2048 1047 2099 leges,
1063 2055 1130 2086 aut
1142 2047 1286 2099 pluras,

164 2107 390 2156 discrepare,
424 2103 496 2142 hoc
523 2102 664 2140 modo:
709 2102 792 2140 Lex
821 2109 890 2148 est,
921 2104 949 2124 “
969 2101 1052 2150 Qui
1078 2109 1286 2152 tyrannum

163 2159 353 2205 occiderit,
369 2156 727 2209 Olympionicarum
740 2156 942 2207 praemium
955 2155 1101 2207 capitm
1119 2162 1154 2193 et
1168 2167 1284 2207 quam
