1407 2308
171 67 250 109 DE
278 67 665 117 INVENTIONE,
696 68 793 106 Lus.
816 68 872 106 ΙΙ.
902 68 1006 107 ΟΑΡ.
1027 70 1089 107 50.
1135 71 1208 108 113

99 175 260 214 faciendi
278 181 510 226 potestatem.
540 175 660 213 Locos
679 182 805 213 autem
824 187 1055 224 communes,
1076 175 1146 214 hoc
1164 177 1204 214 in

100 240 236 279 genere
259 228 563 279 argumentandi,
589 229 671 275 hos,
698 236 735 266 et
759 228 977 278 hujusmodi
1002 229 1201 280 quosdam,

97 294 178 320 aese
196 281 445 319 arbitramur:
475 282 658 332 primum,
686 283 766 330 ejus
791 281 931 332 scripti,
957 282 1059 332 quod
1080 283 1203 332 profe-

98 347 170 381 ras,
191 334 446 372 laudationem
465 343 502 372 et
520 335 865 372 confirmationem:
891 334 1024 373 deinde
1039 336 1119 384 ejus
1132 336 1200 382 rei,

98 388 176 437 qua
194 387 241 425 de
259 396 463 438 quaeratur,
483 401 570 426 cum
586 388 689 426 code
704 401 779 439 quo
793 394 949 436 constat,
965 388 1199 426 collationem

98 440 298 488 ejusmodi,
318 448 362 478 ut
380 441 433 488 id,
453 441 499 479 de
518 455 594 492 quo
613 442 805 492 quaeritur,
827 441 879 479 rei
893 441 940 479 de
954 441 1032 492 qua
1045 448 1200 489 constet,

95 493 220 532 simile
241 506 318 532 esse
337 494 528 532 videatur:
558 502 686 545 postea
711 495 997 532 admirationem
1022 507 1089 545 per
1113 508 1200 533 con-

97 547 319 594 tentionem,
340 549 407 598 qui
428 548 507 585 fien'
525 548 655 598 possit,
675 555 731 595 ut,
758 548 824 599 qui
849 548 919 585 hoc
945 560 1098 599 aequum
1124 561 1201 586 esse

95 599 288 648 concedat,
308 600 405 638 illud
430 609 554 650 neget,
576 601 678 652 quod
703 609 770 638 aut
796 601 953 652 aequius,
981 608 1047 638 aut
1069 601 1199 639 eodem

95 653 144 690 sit
170 653 209 690 in
236 666 398 704 genere:
432 654 567 691 deinde
594 654 731 692 idcirco
757 654 827 692 hac
854 654 900 692 de
927 667 966 692 re
999 654 1095 691 nihil
1123 668 1200 693 esse

94 706 291 757 scriptum,
311 706 428 757 quod,
449 720 537 745 cum
562 707 609 746 de
632 707 699 745 illa
725 715 818 745 esset
842 707 1038 758 scriptum,
1065 707 1200 746 dehac

95 772 136 797 re
153 759 198 808 is,
215 760 282 810 qui
301 760 496 808 scribebat,
517 761 708 798 neminem
722 760 985 798 dubitaturum
999 760 1199 799 arbitratus

94 813 168 850 sit:
203 820 331 863 postea
354 813 486 851 multis
512 814 552 851 in
576 814 724 864 legibus
748 814 871 851 multa
896 826 973 851 esse
997 814 1197 864 praeterita,

92 878 181 916 quae
204 865 341 904 idcirco
365 867 552 917 praeterita
575 879 686 904 nemo
708 867 922 915 arbitretur,
942 866 1044 918 quod
1063 879 1109 904 ex
1129 880 1198 905 cae-

95 919 196 967 teris,
212 918 259 957 de
274 919 412 970 quibus
427 920 608 970 scriptum
623 920 683 967 sit,
699 920 860 970 intelligi
873 921 1039 970 possint:
1065 920 1200 959 deinde

94 972 251 1023 aequitas
269 972 322 1010 rei
340 972 631 1010 demonstranda
649 980 717 1021 est,
737 980 780 1010 ut
803 973 842 1010 in
865 973 1068 1021 juridiciali
1092 975 1200 1012 abso-

93 1023 185 1063 luta.
225 1024 368 1064 Contra
393 1033 521 1064 autem
549 1026 616 1077 qui
643 1026 754 1074 dicet,
783 1026 1069 1064 similitudinem
1095 1026 1199 1064 infir-

94 1090 199 1116 mare
230 1078 407 1124 debebit;
447 1079 550 1130 quod
577 1079 701 1128 faciet,
731 1080 761 1117 si
791 1079 1074 1128 demonstrabit,
1103 1079 1200 1118 illud

94 1131 199 1182 quod
216 1131 441 1180 conferatur,
461 1134 509 1171 ab
528 1145 571 1170 co
589 1133 650 1170 cui
668 1133 893 1181 conferatur,
912 1133 1102 1171 diversum
1121 1146 1200 1171 esse

92 1196 242 1235 genere,
262 1185 413 1234 natura,
434 1186 485 1246 Vi?
505 1186 781 1236 magnitudine,
798 1194 979 1236 tempore,
1000 1186 1095 1233 1000,
1115 1199 1199 1237 per-

91 1237 199 1285 sona,
218 1238 418 1289 opinione:
448 1239 494 1287 si,
521 1252 598 1290 quo
623 1239 663 1276 in
688 1252 847 1277 numero
871 1239 982 1285 illud,
1006 1239 1109 1290 quod
1133 1253 1200 1300 per

92 1290 381 1330 similitudinem
413 1291 580 1339 affertur,
611 1299 648 1329 et
674 1305 750 1344 quo
776 1292 816 1330 in
843 1293 925 1330 loco
952 1292 1062 1340 illud,
1091 1294 1200 1342 cujus

93 1343 208 1382 causa
224 1343 392 1393 affertur,
412 1345 542 1383 haberi
557 1346 767 1393 conveniat,
787 1345 1024 1383 ostendetur:
1049 1345 1198 1393 deinde,

94 1396 189 1448 quid
220 1410 277 1436 135
308 1410 398 1436 011111
428 1410 469 1436 13
500 1397 661 1446 differat,
690 1399 1021 1459 demonstrabitur,
1049 1406 1094 1436 ut
1124 1410 1199 1436 non

93 1450 196 1488 idem
214 1449 386 1488 videatur
403 1450 450 1488 de
467 1450 628 1502 utraque
646 1451 854 1489 existimari
869 1459 1049 1502 oportere.
1078 1451 1154 1500 Ac,
1170 1453 1201 1489 si

94 1502 175 1554 ipse
193 1515 345 1554 quoque
362 1503 500 1554 poterit
516 1504 860 1542 ratiocinationibus
884 1505 956 1553 uti,
982 1504 1116 1542 iisdem
1141 1518 1201 1542 ra-

95 1555 411 1605 tiocinationibus,
439 1556 577 1608 quibus
601 1565 688 1595 ante
712 1557 856 1595 dictum
884 1564 952 1606 est,
980 1564 1134 1595 utetur.
1169 1559 1200 1596 si

94 1620 170 1647 non
194 1609 344 1660 poterit,
371 1609 524 1659 negabit
549 1617 717 1660 oportere
744 1610 969 1662 quidquam,
1001 1610 1073 1648 nisi
1098 1611 1200 1661 quod

92 1661 276 1713 scriptum
294 1662 356 1711 sit,
375 1662 629 1700 considerare:
663 1662 884 1714 [periclitari
906 1664 1035 1702 omnia
1048 1664 1150 1712 jura,
1171 1665 1201 1702 si

91 1715 357 1754 similitudines
375 1715 625 1767 accipiantur.
652 1717 747 1754 nihil
767 1730 844 1755 esse
861 1729 982 1768 paene,
1003 1717 1106 1768 quod
1124 1730 1200 1755 non

94 1767 203 1807 alteri
227 1768 349 1806 simile
375 1781 452 1806 esse
476 1768 668 1807 videatur.
659 1771 692 1821 ·]
712 1770 843 1808 multis
868 1770 1114 1809 dissimilibus
1143 1783 1200 1808 re-

91 1822 182 1870 bus,
215 1820 256 1859 in
287 1833 599 1873 unamquamque
629 1836 710 1861 rem
741 1830 891 1861 tantum
924 1824 1092 1874 singulas
1124 1835 1202 1861 esse

95 1874 220 1925 leges:
249 1875 378 1913 omnia
395 1888 502 1926 posse
519 1875 616 1914 inter
633 1889 672 1914 se
689 1876 750 1915 vel
768 1876 907 1914 similia
924 1877 983 1915 vel
1005 1876 1201 1914 dissimilia

91 1927 354 1966 demonstrari.
388 1928 482 1967 Loci
500 1941 720 1968 communes
738 1943 761 1967 a
777 1929 1071 1990 ratiocinatione,
1091 1941 1200 1979 opor-

97 1986 174 2019 tere
192 1981 419 2043 conjectura,
440 1995 487 2020 ex
510 1994 554 2020 eo
571 1983 674 2034 quod
693 1983 874 2033 scriptum
893 1983 953 2031 sit,
974 1982 1022 2020 ad
1040 1982 1079 2019 id
1098 1981 1200 2032 quod

96 2045 174 2072 non
189 2033 371 2085 scriptum
385 2035 446 2084 sit,
461 2036 674 2086 pervenire;
695 2043 732 2074 et
745 2035 935 2074 neminem
951 2048 1056 2086 posse
1070 2046 1201 2072 omncs

96 2098 156 2124 135
174 2100 245 2138 per
258 2088 480 2138 scripturam
495 2089 696 2140 amplecti,
721 2089 785 2127 sed
799 2102 887 2127 eum
902 2087 1202 2127 commodissime

94 2139 271 2189 scribere,
300 2141 367 2192 qui
394 2148 510 2192 curet,
539 2149 583 2180 ut
608 2143 784 2194 quaedam
813 2156 859 2180 ex
890 2140 1118 2193 quibusdam
1146 2140 1203 2178 in-

812 2207 836 2232 L
866 2196 891 2231 3
