1407 2308
239 36 315 76 DE
344 36 635 85 ORATORE,
666 38 763 76 Lm.
785 30 818 76 1ss
849 38 951 77 CAP.
966 40 1031 78 21.
1110 43 1183 80 145

89 142 242 183 multa?
271 145 323 183 sic
347 144 442 182 mihi
468 152 549 182 tum
580 144 800 196 persuadere
825 145 1033 196 videbatur,
1062 159 1186 199 neque

88 197 288 235 artificium
325 198 449 236 ullum
485 211 562 236 esse
598 198 758 245 dicendi,
795 211 928 250 neque,
952 213 1185 252 quemquam

88 262 209 300 posse,
238 251 310 289 nisi
339 251 405 302 qui
427 251 506 297 illa,
527 264 612 302 quae
631 265 653 289 a
671 252 892 290 doctissimis
909 253 1126 292 hominibus
1143 255 1184 293 in

87 303 326 355 philosophia
356 304 580 352 dicerentur,
613 307 820 354 cogn6sset,
853 312 919 343 aut
954 307 1087 344 callide
1118 315 1186 346 aut

88 357 234 407 copiose
252 357 384 396 dicere.
415 358 463 395 In
483 358 620 408 quibus
639 358 759 396 dicere
778 359 1009 397 Charmadas
1027 360 1183 409 solebat,

87 409 285 460 ingenium
311 418 437 457 tuum,
465 410 610 457 Crasse,
639 411 875 449 vehementer
900 412 1101 460 admirans,
1122 426 1186 452 me

88 464 161 502 sibi
185 464 400 514 perfacilem
425 465 464 501 in
483 463 683 512 audiendo,
703 471 739 502 te
757 477 1034 515 perpugnacem
1051 466 1091 504 in
1110 467 1188 506 dis-

86 517 270 568 putando,
291 530 368 555 esse
386 517 520 555 visum.

145 570 265 608 XXI.
307 570 490 621 Tumque
525 583 608 620 eg0,
646 570 715 608 hac
751 570 882 609 eadem
917 572 1092 622 opinione
1122 573 1190 611 ad-

89 623 238 671 ductus,
259 623 387 674 scripsi
415 623 527 662 etiam
554 624 650 660 iJJud
678 624 842 675 quodam
870 625 909 662 in
936 626 1078 674 libello,
1107 627 1188 677 qui,

89 689 153 715 me
184 677 422 728 imprudente
458 684 494 714 et
529 676 660 724 invito,
699 677 849 725 excidit,
888 685 925 715 et
953 679 1122 729 pervenit
1150 680 1190 718 in

91 743 228 768 manus
258 730 472 777 hominum,
503 729 656 770 disertos
682 742 744 768 me
768 733 945 781 cognosse
972 733 1189 781 nonnullos,

92 785 330 835 eloquentem
356 783 481 821 adhuc
506 783 722 828 neminem3
753 783 855 834 quod
874 797 961 822 eum
980 787 1193 823 statuebam

91 838 287 885 disertum,
308 836 375 887 qui
393 843 516 887 posset
534 836 621 873 satis
640 844 746 874 acute
765 844 878 887 atque
897 837 1074 885 dilucide,
1089 839 1193 889 apud

91 890 294 928 mediocres
321 889 506 936 homines,
533 902 580 926 ex
605 901 798 926 commum
817 889 983 940 quadam
1002 891 1191 941 opinione,
1208 908 1257 929 ss

92 944 238 988 dicere3
267 943 505 994 eloquentem
524 954 623 990 vero,
650 942 717 993 qui
735 943 944 981 mirabilius
963 951 1000 981 et
1017 944 1194 995 magnifi-

92 997 236 1036 centius
258 1009 396 1047 augere
418 1001 542 1046 posset
559 1001 672 1046 atque
690 1007 834 1042 ornare,
862 1009 948 1047 quae
966 997 1091 1045 vellet,
1111 1010 1194 1035 om..

92 1062 233 1102 nesque
258 1049 431 1087 omnium
457 1061 597 1096 rerum,
627 1062 712 1099 quae
737 1049 785 1086 ad
810 1049 1012 1087 dicendum
1030 1051 1193 1100 pertine-

91 1111 190 1152 rent,
218 1103 340 1141 fontes
358 1103 485 1140 animo
504 1115 546 1140 ac
564 1102 747 1139 memoria
766 1103 981 1141 contineret.
1021 1103 1070 1141 Id
1089 1104 1120 1142 si
1139 1112 1194 1142 est

92 1157 243 1195 difficile
260 1156 382 1203 nobis,
402 1156 469 1207 qui
487 1162 587 1202 ante,
607 1167 723 1205 quam
738 1156 786 1193 ad
801 1155 1019 1194 discendum
1038 1157 1195 1207 ingressi

92 1223 240 1257 sumus,
259 1209 456 1248 obruimur
474 1208 678 1246 ambitione
697 1215 733 1246 et
750 1208 856 1254 foro;
885 1209 933 1246 sit
950 1216 1077 1248 tamen
1095 1211 1135 1248 in
1154 1224 1194 1249 re

93 1264 259 1315 positum
278 1270 391 1314 atque
410 1262 556 1300 natura.
585 1261 671 1312 Ego
690 1261 805 1309 enim,
826 1269 1012 1313 quantum
1031 1275 1196 1313 auguror
1220 1280 1224 1288 ·

93 1316 322 1366 conjectura,
351 1323 568 1366 quantaque
592 1315 743 1364 ingenia
760 1315 800 1351 in
818 1315 952 1352 nostris
976 1315 1197 1354 hominibus

95 1383 173 1409 esse
187 1369 308 1417 video,
328 1381 403 1406 non
422 1368 589 1418 despero,
609 1367 688 1405 fore
706 1368 871 1419 aliquem
891 1368 1107 1418 aliquando,
1128 1369 1195 1421 qui

1258 869 1277 906 l

97 1432 134 1462 et
159 1422 282 1461 studio
307 1421 459 1469 acriore,
479 1433 595 1471 quam
615 1433 682 1458 nos
701 1434 831 1458 sumus
850 1429 963 1472 atque
980 1420 1137 1471 fuimus,
1157 1430 1196 1460 et
1260 1438 1281 1462 ,¹

96 1476 172 1514 otio
201 1487 244 1513 ac
269 1475 447 1513 facultate
474 1473 639 1511 discendi
668 1475 810 1522 majore
838 1486 880 1512 ac
910 1474 1128 1522 maturiore,
1157 1482 1196 1513 et

97 1530 224 1568 labore
248 1535 362 1579 atque
386 1527 572 1565 industria
590 1527 791 1577 superiore,
812 1539 899 1565 cum
918 1539 957 1565 se
975 1527 1023 1564 ad
1041 1528 1197 1566 audien-

98 1583 207 1630 dum,
234 1581 452 1632 legendum,
482 1580 795 1631 scribendumque
819 1580 1016 1628 dediderit,
1044 1581 1199 1619 exsistat

98 1636 183 1675 talis
201 1642 337 1682 orator,
365 1633 516 1685 qualem
535 1633 764 1684 quaerimus3
795 1633 861 1684 qui
875 1634 961 1681 jure
979 1645 1054 1671 non
1073 1635 1197 1672 solum

98 1690 271 1737 disertus,
301 1687 364 1726 sed
383 1687 496 1725 etiam
515 1687 692 1737 eloquens
710 1686 783 1724 dici
801 1686 940 1737 possit:
971 1687 1037 1737 qui
1056 1692 1198 1735 tamen,
1216 1680 1220 1692 ⁴

99 1742 188 1780 me‘a
213 1741 409 1788 sententia,
436 1747 503 1778 aut
526 1740 587 1777 hic
606 1746 661 1778 est
675 1740 756 1788 jam
776 1739 944 1787 Crassus,
965 1746 1045 1788 aut,
1065 1739 1096 1777 si
1114 1740 1201 1791 quis

99 1795 183 1847 pari
200 1794 313 1833 fuerit
336 1793 501 1844 ingenio,
520 1793 719 1844 pluraque,
740 1805 856 1844 quam
874 1792 950 1840 hic,
971 1799 1008 1830 et
1023 1792 1199 1840 midierit,

101 1858 139 1888 et
150 1847 338 1895 lectitarit,
354 1854 391 1885 et
405 1846 602 1897 scripserit,
622 1845 782 1897 paulum
800 1845 889 1884 huic
902 1845 1046 1897 aliquid
1064 1845 1204 1896 poterit*

99 1901 248 1940 addere.

156 1954 244 1992 Hoc
270 1953 352 1992 loco
380 1951 583 2004 Sulpicius,
614 1952 828 2004 Insperanti
856 1951 966 2000 mihi,
995 1951 1133 2002 inquit,
1163 1958 1199 1989 et

103 2008 237 2054 Cottae,
258 2006 322 2045 sed
340 2006 448 2044 valde
465 2006 611 2057 optanti
623 2007 774 2058 utrique
792 2007 975 2052 nostrum,
991 2004 1135 2050 cecidit,
1156 2011 1199 2041 ut

104 2061 144 2099 in
172 2060 286 2099 istum
316 2071 541 2108 sermonem,
575 2059 719 2107 Crasse,
753 2058 1030 2096 delaberemini.
1078 2056 1201 2095 Nobis

106 2113 207 2152 enim
223 2113 300 2151 huc
318 2111 551 2151 venientibus
565 2112 780 2163 jucundum
795 2111 882 2151 satis
897 2111 976 2150 fore
991 2109 1201 2158 videbatur,

157 2166 352 2214 (Rhetor.)
372 2175 474 2205 voL.
498 2177 527 2204 1.
855 2175 880 2202 o

1238 1471 1398 1515 4{a⁴r.4
