1428 2308
246 361 325 413 M.
363 360 619 413 TULLII
660 359 1072 413 CICERONIS

280 484 1043 556 RHETORICORUM,

618 632 704 659 SEU

175 728 262 774 DE
300 727 705 774 INVENTIONE
741 708 1143 782 RHE'romoA,

404 844 579 882 LIBER
606 842 913 881 SECUNDUS.

579 990 728 1022 -ψ-

156 1121 190 1159 Ι.
217 1120 539 1159 Cno'romA‘rAE
558 1120 766 1172 quondam,
787 1132 874 1157 cum
894 1120 1067 1158 florerent
1084 1120 1208 1158 omni-

101 1176 173 1213 bus
192 1175 320 1225 copiis,
341 1182 376 1212 et
394 1174 433 1211 in
454 1174 568 1212 Italia
587 1186 674 1211 cum
693 1173 824 1224 primis
842 1175 943 1211 beati
961 1186 1205 1212 numeraren-

100 1235 176 1275 tur,
197 1229 384 1278 templum
402 1227 430 1264 J
434 1228 581 1274 unonis,
602 1227 704 1278 quod
726 1227 999 1277 religiosissime
1018 1227 1202 1275 colebant,

101 1281 258 1332 egregiis
275 1281 430 1332 picturis
448 1281 675 1332 locupletare
690 1281 900 1318 voluerunt.
930 1281 1066 1331 Itaque
1082 1280 1205 1318 Hera-

100 1336 243 1372 cleoten
263 1335 426 1381 Zeuxin,
447 1334 514 1385 qui
538 1341 622 1372 tum
640 1335 752 1384 longe
771 1334 910 1371 caeteris
929 1335 1108 1371 excellere
1126 1334 1204 1384 pic-

101 1388 245 1426 toribus
263 1388 561 1435 existimabatur,
589 1400 728 1437 magno
754 1387 873 1437 pretio
892 1387 1120 1424 conductum
1139 1386 1206 1424 ad-

100 1442 317 1479 hibuerunt.
360 1441 400 1478 Is
425 1448 461 1478 et
486 1448 635 1478 caeteras
660 1440 870 1490 complures
895 1441 1041 1478 tabulas
1063 1440 1202 1491 pinxit,

99 1507 263 1545 quarum
281 1495 466 1531 nonnulla
483 1507 569 1545 pars
587 1506 707 1544 usque
725 1493 774 1530 ad
791 1500 958 1530 nostram
979 1493 1204 1531 memoriam

99 1555 251 1598 propter
269 1547 348 1584 fani
366 1547 585 1597 religionem
603 1546 807 1591 remansit3
832 1554 882 1593 et,
902 1554 946 1584 ut
959 1547 1203 1584 excellentem

98 1601 296 1638 muliebris
313 1600 445 1638 formae
462 1600 783 1651 pulchritudinem
802 1607 910 1637 muta
928 1600 967 1636 in
986 1613 1064 1637 sese
1077 1600 1204 1649 imago

97 1654 316 1701 contineret,
334 1654 493 1691 Helenae
505 1667 542 1691 se
536 1654 706 1714 pingere
719 1654 962 1691 simulacrum
974 1653 1068 1690 velle
1083 1653 1201 1690 dixit:

97 1707 200 1757 quod
219 1706 460 1755 Crotoniatae,
481 1707 548 1758 qui
574 1719 662 1744 eum
687 1706 863 1744 muliebri
887 1706 927 1743 in
950 1719 1100 1756 corpore
1119 1706 1203 1756 pin-

97 1760 220 1810 gendo
237 1760 449 1811 plurimum
467 1760 549 1798 aliis
573 1768 748 1811 praestare
770 1773 868 1810 saepe
892 1759 1130 1820 accepissent,
1155 1758 1202 1795 li-

95 1813 226 1851 benter
249 1813 474 1851 audierunt:
507 1820 737 1864 putaverunt
761 1813 876 1860 enim,
903 1813 948 1860 si,
976 1825 1053 1863 quo
1074 1812 1114 1849 in
1136 1824 1203 1861 ge-

95 1878 183 1904 nere
199 1866 411 1917 plurimum
428 1873 564 1918 posset,
584 1867 624 1904 in
644 1880 687 1904 eo
708 1879 936 1916 magnopere
961 1865 1199 1911 elaborasset,

94 1919 288 1970 egregium
314 1920 385 1958 sibi
408 1933 503 1971 opus
527 1920 593 1957 illo
617 1920 657 1957 in
682 1919 771 1957 fano
792 1920 1024 1957 relicturum.
1064 1918 1203 1968 Neque

94 1978 179 2010 tum
197 1985 258 2010 eos
275 1972 342 2011 illa
359 1973 487 2024 opinio
503 1973 649 2011 fefellit.
689 1973 796 2010 Nam
820 1972 960 2010 Zeuxis
978 1971 1078 2008 iflico
1096 1983 1201 2021 quae-

96 2024 182 2062 sivit
213 2027 261 2063 ab
293 2025 358 2074 eis,
392 2039 578 2078 quasnam
610 2026 772 2076 virgines
799 2025 981 2064 formosas
1006 2025 1197 2062 haberent.

98 2077 163 2114 Illi
174 2085 301 2116 autem
315 2079 442 2117 statim
456 2079 650 2117 hominem
665 2077 926 2117 deduxerunt
916 2090 956 2114 1n
970 2077 1198 2136 palaestram,

96 2137 209 2180 atque
226 2131 260 2169 ei
278 2145 414 2182 pueros
431 2132 673 2172 ostenderunt
692 2133 845 2179 multos,
866 2142 1006 2180 magna
1025 2128 1201 2180 praeditos
