1429 2344
187 100 264 139 212
326 99 403 139 DE
432 97 728 148 ORATORE,
758 99 856 138 11113.
878 98 935 138 11.
966 98 1069 138 CAP.
1094 99 1154 139 19.

192 207 340 247 dicendi
366 208 508 250 mirum
533 207 724 246 silentium
744 214 809 245 est.
857 206 1035 258 Denique
1052 207 1223 258 quinque
1240 206 1298 246 fa-

195 262 301 301 ciunt
319 261 426 312 quasi
444 262 617 299 membra
635 260 872 312 eloquentiae,
891 260 1059 306 invenire
1074 260 1168 312 quid
1181 260 1297 308 dicas,

195 315 348 353 inventa
376 313 587 366 disponere,
614 313 749 352 deinde
778 326 910 352 ornare
939 314 1074 362 verbis,
1105 321 1190 365 post
1218 327 1300 353 me-

197 368 327 407 moriae
355 367 550 416 mandare,
582 375 666 405 tum
695 367 744 406 ad
769 374 982 406 extremum
1012 380 1121 418 agere
1145 381 1189 406 ac
1215 381 1303 419 pro-

198 421 397 460 nuntiare:
426 434 507 460 rem
526 433 614 460 sane
632 433 708 459 non
722 421 965 460 reconditam.
995 421 1094 468 Quis
1112 421 1214 459 enim
1232 421 1305 460 hoc

199 488 277 513 non
297 474 366 512 su‘a
384 482 516 526 sponte
534 474 682 523 viderit,
702 474 894 513 neminem
908 487 1015 526 posse
1029 474 1164 523 dicere,
1180 475 1253 513 nisi
1268 482 1306 513 et

200 528 295 580 quid
313 528 464 577 diceret,
485 535 522 566 et
541 528 680 579 quibus
698 529 834 577 verbis,
855 536 891 567 et
909 541 985 579 quo
1003 527 1134 566 ordine
1151 528 1305 577 diceret,

201 582 371 628 haberet,
391 589 428 620 et
447 595 491 620 ea
514 582 747 620 meminisset
760 584 778 621 Ρ
817 582 950 632 Atque
968 580 1049 619 haec
1067 593 1136 632 ego
1155 594 1231 619 non
1250 595 1309 620 re-

202 635 419 696 prehendo:
449 635 515 673 sed
539 643 626 673 ante
651 636 778 674 oculos
803 635 925 687 posita
949 647 1026 673 esse
1051 635 1148 695 dico,
1175 642 1219 672 ut
1247 648 1310 674 eas

203 689 297 727 item
316 695 492 739 quatuor,
519 689 702 741 quinque,
729 702 840 728 sexve
858 695 996 740 partes,
1017 688 1076 726 vel
1094 688 1209 726 etiam
1227 701 1310 740 sep-

204 750 283 781 tem
304 742 502 793 (quoniam
520 742 627 781 aliter
645 744 693 781 ab
712 742 795 780 aliis
820 741 1088 793 digeruntur)
1078 754 1118 779 m
1143 755 1237 792 quas
1256 749 1312 780 est

205 798 254 834 ab
268 796 328 834 his
342 796 465 834 omnis
484 796 601 834 oratio
620 796 831 835 distributa.
860 797 890 834 J
891 797 1010 834 ubent
1028 795 1130 833 enim
1149 795 1312 834 exordiri

206 849 274 898 ita,
294 857 338 887 ut
357 862 460 899 eum,
481 850 548 901 qui
566 850 709 899 audiat,
735 850 961 888 benevolum
987 849 1095 887 nobis
1113 849 1312 898 faciamus,

208 910 245 941 et
263 902 438 952 docilem,
459 910 495 941 et
513 910 724 942 attentum:
754 903 889 942 deinde
906 915 988 941 rem
1007 915 1170 950 narrare,
1199 902 1252 941 ita
1270 910 1314 940 ut

210 956 422 995 verisimilis
450 957 614 995 narratio
643 957 704 1006 sit,
735 964 779 995 ut
807 964 948 1008 aperta,
982 964 1026 995 ut
1053 956 1199 995 brevis:
1229 963 1315 1007 post

209 1017 339 1048 autem
358 1010 522 1048 dividere
539 1023 706 1060 causam,
727 1018 793 1049 aut
810 1023 1042 1062 proponere:
1072 1016 1201 1048 nostra
1225 1022 1315 1048 con-

211 1064 363 1102 firmare
380 1064 626 1114 argumentis,
652 1077 696 1102 ac
717 1064 948 1103 rationibus:
979 1063 1114 1102 deinde
1131 1064 1318 1102 contraria

211 1117 387 1156 refutare.
416 1117 523 1156 Tum
542 1125 670 1156 autem
689 1118 753 1156 alii
772 1118 1050 1157 conclusionem
1069 1117 1260 1166 orationis,
1281 1124 1319 1155 et

212 1172 322 1222 quasi
334 1171 622 1222 perorationem,
639 1172 845 1210 collocant:
867 1171 932 1210 alii
947 1172 1096 1220 jubent,
1113 1178 1318 1223 antequam

213 1233 419 1275 peroretur,
433 1225 592 1263 ornandi
602 1232 669 1262 aut
682 1225 846 1276 augendi
860 1225 986 1273 causa,
999 1225 1144 1276 digredi
1157 1238 1169 1271 ς
1183 1224 1319 1263 deinde

214 1278 450 1327 concludere,
487 1291 531 1317 ac
561 1292 744 1330 perorare.
798 1279 862 1318 Ne
892 1279 974 1317 haec
1005 1278 1160 1330 quidem
1192 1291 1319 1330 repre-

214 1331 364 1370 hendo:
401 1338 490 1370 sunt
515 1332 618 1370 enim
642 1332 823 1371 concinne
852 1333 1066 1379 distributa,
1095 1331 1161 1370 sed
1189 1339 1318 1371 tamen

216 1385 274 1429 (id
292 1385 396 1437 quod
414 1398 561 1424 necesse
577 1386 652 1425 fuit
669 1386 888 1425 hominibus
906 1386 1123 1447 expertibus
1137 1385 1319 1432 veritatis)

216 1451 294 1477 non
325 1439 456 1491 perite.
498 1439 599 1487 Quae
629 1440 732 1478 enim
763 1447 950 1492 praecepta
980 1438 1253 1491 principiorum
1285 1445 1323 1476 et

217 1493 478 1531 narrationum
503 1506 581 1532 esse
605 1495 819 1544 voluerunt,
846 1507 891 1532 ea
914 1493 955 1531 in
979 1493 1066 1532 totis
1091 1492 1323 1531 orationibus

219 1554 308 1585 sunt
321 1546 584 1586 conservanda.
605 1548 712 1586 Nam
726 1560 796 1599 ego
808 1548 905 1586 mihi
918 1547 1145 1586 benevolum
1155 1546 1324 1596 judicem

219 1598 368 1638 facilius
385 1600 506 1639 facere
524 1614 679 1652 possum
697 1601 738 1640 in
756 1614 868 1640 cursu
887 1600 1077 1649 orationis,
1098 1612 1216 1652 quam
1235 1612 1324 1638 cum

219 1653 350 1692 omnia
368 1661 457 1692 sunt
474 1654 669 1702 inaudita3
698 1654 860 1694 docilem
877 1662 1030 1703 autem,
1039 1666 1117 1693 non
1135 1666 1223 1692 cum
1242 1653 1326 1704 pol-

221 1706 335 1745 liceor
359 1720 423 1746 me
446 1707 806 1758 demonstraturum,
834 1708 899 1747 sed
922 1715 1021 1755 tum,
1048 1719 1138 1746 cum
1155 1707 1270 1745 doceo
1289 1714 1327 1744 et

222 1761 411 1811 explano3
441 1769 628 1799 attentum
658 1775 760 1811 vero,
791 1763 920 1801 crebro
945 1761 1027 1799 tota
1055 1761 1201 1799 actione
1226 1760 1327 1798 exci-

221 1814 347 1853 tandis
363 1814 556 1853 mentibus
577 1815 766 1865 judicum,
787 1827 864 1854 non
881 1814 1007 1866 prima
1028 1813 1326 1862 denuntiatione,

224 1867 368 1906 efficere
392 1881 604 1920 possumus.
643 1869 738 1907 Jam
762 1882 848 1907 vero
873 1869 1126 1907 narrationem
1145 1868 1249 1919 quod
1264 1868 1329 1916 ju-

225 1922 318 1960 bent
341 1922 583 1961 verisimilem
608 1936 700 1971 esse,
724 1930 761 1961 et
778 1930 962 1974 apertam,
988 1929 1026 1960 et
1042 1923 1210 1970 brevem,
1230 1928 1330 1959 recte
1352 1919 1354 1921 ’

225 1987 294 2014 nos
312 1975 540 2014 admonent:
571 1977 674 2027 quod
696 1975 778 2014 haec
802 1975 1025 2014 narrationis
1048 1975 1172 2026 magis
1192 1982 1331 2026 putant

226 2042 306 2067 esse
328 2030 493 2081 propria,
521 2043 638 2081 quam
663 2030 778 2068 totius
803 2029 993 2079 orationis,
1020 2029 1132 2067 valde
1154 2028 1253 2067 mihi
1274 2028 1333 2067 vi-

226 2082 365 2121 dentur
390 2096 534 2122 errare:
564 2084 796 2135 omninoque
819 2083 861 2121 in
884 2083 957 2122 hoc
983 2082 1107 2121 omnis
1135 2088 1192 2120 est
1215 2093 1330 2131 error,

225 2136 331 2186 quod
349 2136 578 2186 existimant,
605 2137 806 2177 artificium
831 2149 909 2175 esse
933 2136 1006 2176 hoc
1030 2135 1223 2188 quoddam
1253 2146 1330 2174 non

226 2189 407 2230 dissimile
436 2197 669 2242 caeterorum‚
701 2190 915 2243 cujusmodi
939 2190 986 2230 de
1013 2189 1096 2244 ipso
1117 2191 1204 2241 jure
1228 2187 1331 2229 civffi
