1407 2334
249 139 325 180 DE
353 140 646 189 ORATORE,
676 139 773 180 LIB.
796 142 852 180 11.
883 140 986 179 CAP.
1007 140 1070 183 67.
1127 138 1205 176 263

111 257 188 296 quo
205 245 301 284 mihi
318 246 454 297 gratias
468 248 599 299 agas,’'
618 248 754 299 inquit,
777 250 804 271 ‘⁶
824 248 854 285 si
868 247 986 285 malui
1000 243 1207 296 compilari,

112 311 229 349 quam
253 300 378 338 venire
391 300 431 338 :’'
458 309 502 339 ut
520 302 652 339 Asello
678 301 897 347 Africanus,
923 299 1111 348 objicienti
1129 298 1207 334 lus-

112 358 215 390 trum
246 352 342 390 illud
371 353 518 401 infelix,
553 358 580 377 “
601 355 641 392 N
644 355 736 401 oli,”
771 354 909 405 inquit,
946 356 973 376 “
992 351 1143 389 mirari:
1178 349 1210 386 is

112 404 228 451 enim,
255 405 321 457 qui
339 413 376 444 te
394 419 440 444 ex
459 407 595 445 aerariis
620 408 771 453 exemit,
792 408 954 444 lustrum
974 404 1152 449 condidit,
1173 408 1210 439 et

112 464 266 496 taurum
284 458 534 497 immolavit.”
563 461 689 498 Tanta
708 461 866 510 suspicio
885 467 951 506 est,
971 466 1015 496 ut
1032 457 1211 507 religione

112 511 301 548 civitatem
313 512 551 550 obstrinxisse
563 514 731 551 videatur
743 513 972 560 Mummius,
987 510 1088 562 quod
1099 509 1212 547 Asel-

113 563 197 601 lum
215 564 424 614 ignominia
441 566 584 603 levarit.

169 617 347 655 LXVII.
376 618 533 656 Urbana
552 619 665 657 etiam
683 618 930 656 dissimulatio
949 624 1016 663 est,
1033 628 1120 654 cum
1138 614 1212 652 alia

113 669 304 717 dicuntur,
335 683 378 708 ac
407 672 555 718 sentias,
585 684 662 710 non
691 672 757 709 illo
782 684 928 722 genere,
957 671 1003 708 de
1028 681 1103 720 quo
1128 675 1214 705 ante

115 722 209 769 dixi,
241 736 327 761 cum
347 725 529 762 contraria
556 725 670 772 dicas,
701 732 745 762 ut
771 725 917 762 Lamiae
943 723 1122 765 Crassus;
1151 719 1215 758 sed

116 787 205 812 cum
230 783 308 814 toto
336 789 470 827 genere
498 778 672 816 orationis
702 790 824 815 severe
847 777 972 823 ludas,
998 787 1084 813 cum
1111 773 1217 811 aliter

118 828 268 875 sentias,
295 842 338 866 ac
355 831 532 881 loquare:
562 839 607 869 ut
624 839 747 869 noster
766 831 932 868 Scaevola
957 826 1216 878 Septumuleio

116 881 175 918 illi
192 882 413 932 AnagninO,
434 884 494 921 cui
512 896 580 935 pro
600 883 643 921 C.
666 883 826 921 Gracchi
844 883 963 933 capite
982 888 1060 919 erat
1080 891 1215 917 aurum

118 946 333 984 repensum,
359 937 519 985 roganti,
539 945 582 974 ut
600 950 638 974 se
656 936 696 973 in
715 937 851 974 Asiam
868 935 1087 986 praefectum
1106 933 1218 969 duce-

119 994 190 1033 ret,
221 990 249 1010 ‘⁶
265 987 371 1035 Quid
388 989 457 1026 tibi
475 989 573 1036 vis,”
592 989 729 1041 inquit,
751 992 778 1011 “
794 989 953 1026 insane?
976 993 1080 1024 tanta
1097 985 1217 1022 malo-

118 1053 205 1077 rum
220 1047 275 1078 est
287 1041 490 1079 multitudo
505 1042 657 1089 civium,
673 1050 717 1080 ut
735 1042 803 1080 tibi
818 1055 885 1092 ego
899 1041 970 1078 hoc
985 1039 1217 1083 confirmem,

120 1093 152 1130 si
171 1093 306 1131 Romae
330 1095 523 1142 manseris,
550 1103 586 1134 te
610 1096 738 1147 paucis
757 1095 865 1132 annis
883 1094 931 1131 ad
949 1093 1134 1130 maximas
1152 1103 1218 1141 pe-

121 1146 250 1183 eunias
274 1159 352 1186 esse
375 1149 618 1186 venturum.’'
658 1149 707 1186 In
731 1149 803 1185 hoc
828 1159 962 1198 genere
987 1145 1154 1183 Fannius
1179 1144 1219 1180 in

121 1199 320 1237 annalibus
352 1200 428 1238 suis
458 1201 685 1239 Africanum
716 1202 818 1238 hunc
847 1199 1101 1237 AEmilianum
1133 1196 1222 1234 dicit

121 1251 250 1299 fuisse,
270 1259 307 1290 et
325 1265 413 1290 eum
433 1253 564 1292 Graeco
582 1256 695 1293 verbo
719 1254 884 1305 appellat
903 1265 1045 1303 ειρωναε
1067 1249 1144 1296 sed,
1164 1248 1222 1286 uti

120 1303 261 1351 ferunt,
287 1306 354 1356 qui
379 1307 514 1344 melius
539 1307 620 1345 haec
644 1309 798 1353 norunt,
825 1307 1014 1344 Socratem
1033 1303 1164 1353 opinor
1180 1302 1221 1338 in

124 1355 196 1394 hac
217 1357 338 1395 ironia
355 1358 704 1411 dissimulantiaque
720 1360 832 1410 longe
849 1359 975 1408 lepore
993 1363 1030 1394 et
1046 1354 1224 1392 humani-

124 1416 202 1447 tate
229 1411 405 1449 omnibus
433 1412 656 1462 praestitisse.
699 1412 829 1449 Genus
854 1418 908 1448 est
931 1409 1160 1460 perelegans,
1188 1413 1224 1444 et

125 1474 214 1500 cum
233 1463 414 1513 gravitate
431 1465 585 1511 salsum,
617 1478 780 1515 cumque
798 1463 965 1502 oratoriis
983 1461 1221 1506 dictionibus,

125 1521 210 1552 tum
227 1516 380 1554 urbanis
405 1518 651 1566 sermonibus,
678 1516 1013 1555 accommodatum.
1042 1514 1109 1561 Et,
1139 1513 1224 1551 her-

126 1569 223 1615 cule,
243 1569 370 1607 omnia
386 1569 479 1616 haec,
501 1584 586 1621 quae
611 1584 633 1608 a
656 1583 719 1608 me
743 1571 789 1608 de
813 1569 953 1607 facetiis
971 1568 1224 1618 disputantur,

127 1633 204 1658 non
218 1623 362 1670 majora
379 1623 583 1661 forensium
601 1624 805 1670 actionum,
826 1635 942 1673 quam
960 1621 1132 1658 omnium
1151 1632 1226 1656 ser-

127 1686 300 1721 monum,
315 1676 552 1714 condimenta
562 1684 660 1715 sunt.
675 1677 794 1723 Nam,
811 1675 913 1727 quod
927 1673 1028 1724 apud
1043 1673 1227 1711 Catonem

127 1734 197 1773 est,
218 1728 285 1778 qui
302 1729 424 1766 multa
440 1729 581 1777 retulit,
601 1742 647 1767 ex
667 1730 804 1781 quibus
819 1743 841 1766 a
854 1741 916 1766 me
935 1726 1099 1777 exempli
1117 1724 1229 1763 caus'a

128 1780 251 1818 multa
267 1789 474 1831 ponuntur,
494 1796 560 1833 per
578 1783 674 1820 mihi
693 1783 828 1820 scitum
847 1781 1006 1826 videtur,
1028 1780 1072 1817 C.
1094 1777 1228 1815 Publi-

128 1833 231 1870 cium
249 1834 401 1872 solitum
419 1835 552 1883 dicere,
575 1838 603 1858 “
619 1835 664 1873 P.
678 1835 918 1873 Mummium
937 1833 1054 1871 cuivis
1068 1830 1228 1881 tempori

129 1885 323 1924 hominem
342 1888 459 1925 esse.”
488 1889 550 1926 Sic
566 1888 731 1939 profecto
748 1902 805 1926 res
824 1901 862 1926 se
874 1888 1001 1931 habet,
1022 1885 1171 1922 nullum
1186 1889 1230 1919 ut

130 1938 180 1976 sit
196 1939 282 1977 vitae
299 1947 463 1991 tempuS,
482 1941 523 1978 in
541 1954 617 1993 quo
635 1954 711 1979 non
729 1941 856 1979 deceat
868 1941 1034 1990 leporem
1052 1935 1230 1976 humani-

131 1997 324 2043 tatemque
342 1994 490 2031 versari.

186 2045 260 2082 Sed
278 2045 388 2084 redeo
405 2046 454 2083 ad
472 2054 615 2085 caetera.
643 2046 716 2085 Est
731 2046 821 2084 huic
835 2045 1040 2084 finitimum
1055 2041 1230 2079 dissimu-

131 2096 277 2143 lationi,
296 2110 384 2136 cum
401 2099 557 2137 honesto
576 2101 688 2138 verbo
707 2100 840 2138 vitiosa
857 2112 914 2136 res
932 2096 1167 2148 appellatur3
1188 2102 1231 2132 ut

134 2161 222 2186 curn
245 2149 450 2189 Africanus
474 2164 602 2190 censor
626 2153 727 2191 tribu
745 2154 920 2189 movebat
938 2163 1026 2188 eum
1044 2147 1228 2186 centurio-

134 2212 237 2249 nem,
262 2203 330 2253 qui
347 2203 387 2243 in
406 2204 520 2244 Pauli
543 2205 674 2256 pugna
698 2217 774 2244 non
799 2203 970 2251 affuerat,
996 2213 1084 2241 cum
1107 2200 1171 2239 ille
1195 2211 1233 2236 se
