1429 2344
149 58 196 95 12
252 56 328 96 DE
359 58 749 109 INVENTIONE,
781 60 881 98 Lm.
900 60 932 98 I.
964 59 1069 99 CAP.
1091 61 1150 98 13.

143 164 401 215 imprudentia
419 166 501 204 falli
525 174 720 218 putamus,
748 169 822 210 (res
849 168 950 205 enim
970 168 1167 218 perspicua
1185 173 1256 212 est)

143 231 260 268 quam
279 219 422 258 invidia
440 228 554 271 atque
572 222 839 259 obtrectatione
859 221 1026 272 quadam
1045 220 1232 272 impediri.

197 271 298 310 XII.
327 273 382 310 Et
407 275 688 312 constitutiones
714 274 884 336 quidem,
914 281 950 312 et
977 288 1106 313 earum
1133 280 1256 325 partes

143 326 411 376 exposuimus.
442 328 618 388 exempla
643 335 771 365 autem
791 330 975 379 cujusque
993 328 1139 378 generis
1165 334 1256 364 tunc

143 380 380 418 commodius
400 381 610 432 exposituri
628 381 815 429 videmur,
845 395 932 419 cum
952 382 992 418 in
1011 380 1256 432 unumquod-

143 445 219 483 que
251 445 382 470 eorum
411 442 723 484 argumentorum
755 435 904 486 copiam
935 435 1135 473 dabimus:
1166 445 1256 471 nam

143 488 434 536 argumentandi
453 488 547 525 ratio
566 488 765 526 dilucidior
792 490 875 536 erit,
902 501 991 527 cum
1011 495 1047 526 et
1065 489 1113 526 ad
1137 500 1257 539 genus

146 546 183 577 et
201 539 250 576 ad
268 542 489 591 exemplum
509 554 630 579 causae
650 542 777 580 statim
796 543 932 592 poterit
951 541 1238 580 accommodari.

197 592 476 632 Constitutione
490 608 612 632 causae
625 596 787 646 reperta,
808 596 935 633 statim
953 595 1076 645 placet
1090 595 1257 633 conside-

142 658 238 694 rare,
275 654 407 685 utrum
440 661 552 686 causa
584 649 632 686 sit
667 649 844 700 simplex,
881 662 929 686 an
958 650 1116 698 juncta;
1146 656 1196 695 et,
1226 647 1257 684 si

140 700 274 749 juncta
310 701 394 750 erit,
434 709 567 739 utrum
604 702 651 740 sit
689 715 736 740 ex
772 703 948 753 pluribus
984 702 1256 753 quaestionibus

139 754 286 802 juncta,
317 767 366 792 an
401 769 448 793 ex
480 756 610 817 aliqua
642 757 933 817 comparatione.
982 756 1155 806 Simplex
1187 762 1256 802 est,

143 819 230 857 quae
249 809 491 846 absolutam
480 822 521 846 m
541 822 579 847 se
594 810 760 848 continet
774 823 892 847 unam
907 809 1169 861 quaestionem,
1184 809 1256 847 hoc

142 860 280 898 modo·
313 862 519 900 Corinthiis
537 863 684 900 bellum
702 863 929 912 indicamus,
949 876 998 901 an
1017 875 1105 901 non.
1155 862 1256 900 Con-

137 914 272 962 juncta
290 927 337 952 ex
356 916 530 966 pluribus
550 917 836 967 quaestionibus,
865 917 905 954 in
925 930 1003 968 qua
1021 917 1133 966 plura
1151 930 1255 968 quae-

140 974 291 1015 runtur,
320 969 392 1007 hoc
424 977 557 1020 pacto:
590 971 732 1008 Utrum
766 970 957 1021 Carthago
989 970 1175 1017 diruatur,
1204 982 1253 1007 an

143 1020 520 1083 Carthaginiensibus
534 1023 726 1072 reddatur,
748 1036 797 1061 an
817 1037 860 1062 eo
875 1024 1020 1070 colonia
1033 1023 1253 1061 deducatur.

139 1073 205 1111 Ex
224 1076 516 1126 comparatione,
545 1077 586 1114 in
606 1090 697 1137 qua,
726 1090 793 1128 per
812 1077 1104 1138 contentionem,
1125 1084 1255 1114 utrum

140 1127 280 1178 potius,
310 1136 377 1166 aut
395 1130 489 1180 quid
507 1131 748 1180 potissimum
766 1131 828 1177 sit,
858 1130 1056 1182 quaeritur,
1085 1130 1135 1168 ad
1152 1130 1256 1168 hunc

138 1181 322 1219 modum·
354 1182 498 1220 Utrum
535 1185 719 1222 exercitus
751 1184 791 1221 in
825 1184 1094 1222 Macedoniam
1127 1192 1256 1221 contra

140 1234 368 1285 Philippum
401 1236 588 1285 mittatur,
619 1238 685 1288 qui
715 1238 822 1275 sociis
852 1238 900 1275 sit
929 1238 1086 1286 auxilio,
1116 1250 1165 1274 an
1199 1244 1253 1275 te-

139 1296 274 1326 neatur
298 1289 339 1326 in
366 1289 494 1338 Italia,
524 1297 568 1327 ut
593 1303 710 1341 quam
736 1291 917 1328 maximae
944 1298 1073 1329 contra
1100 1291 1252 1328 Hanni-

138 1342 265 1379 balem
284 1343 401 1393 copiae
420 1344 506 1380 sint.
547 1343 697 1382 Deinde
716 1344 1031 1382 considerandum
1050 1350 1118 1392 est,
1139 1344 1179 1381 in
1194 1357 1252 1382 ra-

136 1395 239 1433 tione
254 1409 302 1433 an
317 1397 357 1434 in
373 1397 509 1447 scripto
528 1397 576 1435 sit
595 1398 866 1435 controversia:
898 1410 989 1435 nam
1015 1398 1144 1448 scripti
1166 1410 1254 1435 con-

140 1450 319 1487 troversia
337 1458 392 1487 est
411 1464 467 1498 ea,
491 1464 579 1501 quae
598 1464 645 1489 ex
665 1452 874 1502 scriptionis
893 1464 1029 1502 genere
1046 1451 1224 1489 nascitur.

192 1502 318 1540 XIII.
348 1503 446 1552 Ejus
473 1512 601 1542 autem
626 1517 777 1555 genera,
805 1518 890 1556 quae
917 1512 1005 1543 sunt
1031 1512 1202 1555 separata
1231 1518 1254 1542 a

138 1556 481 1604 constitutionibus,
502 1559 672 1610 quinque
692 1566 803 1596 sunt:
825 1571 916 1596 nam
936 1571 1025 1596 cum
1045 1559 1181 1596 verba
1171 1571 1254 1608 lpsa

137 1609 313 1647 videntur
331 1622 420 1648 cum
440 1624 503 1648 sen
507 1612 623 1649 tentia
642 1612 830 1662 scriptoris
849 1612 1039 1659 dissidere,
1056 1618 1140 1649 tum
1154 1611 1253 1649 inter

140 1675 178 1699 se
208 1663 295 1701 duae
319 1664 435 1714 leges,
467 1672 534 1702 aut
558 1666 685 1715 plures
705 1666 926 1716 discrepare,
956 1672 1041 1702 tum
1066 1665 1120 1712 id,
1148 1665 1252 1715 quod

139 1716 323 1767 scriptum
339 1725 406 1764 est,
423 1717 517 1755 duas
532 1726 598 1756 aut
611 1719 738 1769 plures
757 1732 814 1756 res
834 1718 1067 1768 significare;
1098 1725 1183 1755 tum
1203 1731 1250 1756 ex

140 1782 197 1817 eo,
235 1770 339 1821 quod
371 1771 553 1831 scriptum
586 1779 653 1819 est,
694 1772 799 1809 aliud
831 1784 997 1823 quoque
1038 1771 1141 1832 quod
1173 1784 1250 1809 non

139 1823 323 1873 scriptum
351 1832 419 1871 est,
448 1825 633 1869 inveniri3
664 1831 748 1862 tum
778 1826 834 1863 vis
853 1825 970 1871 verbi,
1000 1825 1109 1875 quasi
1127 1825 1166 1862 in
1185 1825 1251 1862 de-

139 1876 286 1914 finitiva
299 1878 576 1927 constitutione,
593 1879 633 1915 in
653 1891 729 1928 quo
743 1879 865 1929 posita
879 1879 940 1925 sit,
956 1878 1087 1929 quaeri.
1117 1878 1250 1924 Quare

135 1930 308 1979 primum
326 1943 460 1980 genus,
488 1931 534 1969 de
560 1932 696 1983 scripto
723 1940 759 1970 et
783 1932 994 1976 sententia3
1025 1931 1249 1979 secundum,

139 1995 187 2020 ex
217 1984 410 2022 contrariis
440 1985 613 2035 legibus3
653 1986 822 2033 tertium,
851 1985 1105 2034 ambiguum;
1135 1997 1251 2035 quar-

139 2042 238 2084 tum,
267 2037 597 2083 ratiocinativum3
628 2039 822 2089 quintum,
851 2038 1091 2076 definitivum
1126 2038 1250 2075 nomi-

139 2101 288 2127 namus.
319 2091 434 2128 Ratio
453 2100 581 2130 autem
601 2099 668 2139 est,
690 2105 778 2130 cum
797 2092 920 2130 omnis
939 2091 1097 2142 q'uaestio
1115 2103 1191 2128 non
1210 2091 1251 2128 in

139 2143 353 2195 scriptione,
374 2144 439 2182 sed
457 2144 497 2183 111
517 2146 647 2197 aliqua
665 2145 1005 2197 argumentatione,
1025 2144 1207 2183 consistit.
