1429 2344
152 79 229 118 120
268 77 346 117 DE
377 77 769 128 INVENTIONE,
798 78 897 117 Lm.
920 77 978 116 11.
1008 79 1113 117 CAP.
1131 77 1194 122 57.

149 187 309 225 mortale
334 186 463 238 aliquo
491 193 660 237 tempore
685 186 838 224 interire
864 198 1011 225 necesse
1035 193 1115 231 est3
1149 191 1264 236 atque

149 240 203 277 ita
221 253 381 288 necesse,
402 248 446 277 ut
465 241 520 278 vis
539 240 707 291 postulat
727 253 784 288 ea,
804 253 922 291 quam
940 240 1055 278 modo
1079 239 1263 278 describe-

150 295 301 343 bamus,
322 293 620 341 necessitudinis,
643 293 704 331 cui
717 294 826 332 nulla
840 294 878 332 vi
892 294 1012 332 resisti
1025 300 1161 345 potest,
1177 305 1264 343 quae

152 359 276 398 neque
301 347 443 385 mutari
469 360 593 398 neque
618 347 728 385 leniri
746 354 878 398 potest.
921 347 1158 396 Hujusmodi
1179 345 1264 395 [ne-

152 401 432 452 cessitudjnes,]
454 414 542 439 cum
560 400 601 437 in
620 400 768 439 dicendi
787 401 948 439 rationes
966 401 1146 448 incident,
1166 406 1265 437 recte

153 454 444 492 necessitudines
464 454 778 506 appellabuntur:
804 454 861 492 sin
876 455 1015 506 aliquae
1028 467 1085 492 res
1099 452 1266 491 incident

154 507 337 556 difficiles,
364 507 404 545 in
429 507 498 546 illa
523 507 719 559 superiori,
746 508 911 559 possitne
939 507 1033 554 fieri,
1060 507 1266 558 quaestione

153 561 485 600 considerabimus.
514 565 649 612 Atque
663 561 778 600 etiam
791 562 863 600 hoc
876 561 974 600 mihi
985 560 1112 599 videor
1126 560 1265 606 videre,

155 628 233 653 esse
252 615 438 667 quasdam
457 627 546 653 cum
565 615 807 664 adjunctione
830 615 1135 662 necessitudines,
1155 627 1268 665 quas-

156 669 247 707 dam
266 669 455 720 simplices
474 676 511 707 et
529 669 731 707 absolutas.
773 669 879 707 Nam
905 669 1012 706 aliter
1034 668 1156 706 dicere
1175 667 1269 705 sole-

157 736 270 768 mus;
300 735 448 760 necesse
467 729 522 760 est
541 722 790 761 Casilinenses
809 736 848 761 se
870 722 1005 760 dedere
1031 720 1268 759 Hannibali:

158 777 267 814 aliter
285 783 429 824 autem,
450 788 597 814 necesse
616 784 671 814 est
685 776 898 815 Casilinum
918 776 1045 814 venire
1063 775 1103 812 in
1119 774 1272 813 Hanni-

157 830 254 869 balis
281 837 533 891 potestatem:
574 830 666 879 illic,
695 831 736 868 in
764 831 966 882 superiore,
996 829 1190 878 adjunctio
1217 835 1272 866 est

157 883 252 932 haec,
275 884 364 922 Nisi
383 884 414 921 si
431 885 583 922 malunt
600 883 702 922 fame
720 884 865 936 perire:
891 884 923 922 si
937 883 1039 922 enim
1053 883 1093 920 id
1107 882 1272 928 malunt,

157 949 236 975 non
254 950 424 976 11888558.
453 937 525 975 hoc
543 937 699 975 inferius
717 951 794 976 non
813 938 919 985 118111,
940 944 1138 989 propterea
1155 935 1273 987 quod,

158 991 237 1029 sive
255 991 373 1029 velint
393 991 642 1029 Casilinenses
662 1004 700 1029 se
718 992 867 1040 dedere,
883 992 960 1029 sive
973 991 1115 1028 famem
1130 989 1275 1041 perpeti

160 1052 276 1095 atque
294 1045 348 1083 ita
365 1044 499 1095 perire,
515 1058 662 1083 necesse
677 1052 731 1083 est
744 1045 957 1083 Casilinum
971 1044 1097 1082 venire
1110 1043 1151 1081 in
1164 1043 1276 1080 Han-

161 1098 298 1137 nibalis
316 1105 552 1149 potestatem.
594 1098 702 1146 Quid
724 1099 841 1150 igitur
861 1098 1038 1150 perficere
1056 1103 1178 1149 potest
1195 1097 1276 1134 haec

161 1152 444 1190 necessitudinis
464 1152 710 1191 distributio?
746 1152 870 1203 Prope
889 1152 1027 1200 dicam,
1047 1151 1274 1202 plurimum,

162 1219 253 1244 811111
270 1206 302 1244 15
320 1206 424 1243 108115
439 1205 723 1244 necessitudinis
739 1206 928 1244 videbitur
941 1206 1140 1243 incurrere.
1169 1204 1276 1242 Nam

163 1273 253 1298 cum
272 1260 435 1311 simplex
455 1259 524 1297 erit
542 1259 790 1307 necessitudo,
810 1260 908 1297 nihil
934 1259 1003 1297 erit
1029 1257 1133 1310 quod
1155 1258 1280 1295 multa

163 1313 349 1361 dieamus,
379 1325 468 1350 cum
501 1326 585 1351 eam
613 1313 722 1352 nulla
748 1313 892 1351 ratione
918 1313 1036 1351 lenire
1062 1311 1277 1362 possimus:

165 1380 256 1405 cum
274 1374 403 1405 autem
422 1366 476 1404 ita
500 1379 647 1405 11888558
674 1367 756 1415 erit,
785 1373 830 1404 ut
854 1366 1000 1418 aliquid
1026 1365 1190 1416 effugere
1215 1372 1282 1402 aut

166 1420 324 1471 adipisci
342 1420 518 1467 velimus,
538 1428 623 1458 tum
642 1420 835 1469 adjunctio
853 1420 921 1458 illa
940 1419 1034 1471 quid
1050 1420 1188 1457 habeat
1206 1418 1282 1456 uti-

166 1474 297 1521 litatis,
311 1481 378 1512 aut
392 1473 487 1524 quid
499 1473 720 1522 honestatis,
736 1475 806 1513 erit
820 1473 1145 1512 considerandum.
1176 1472 1282 1510 Nam

168 1527 199 1565 si
228 1527 319 1566 velis
347 1527 554 1576 attendere,
585 1528 655 1571 (ita
680 1535 823 1576 tamen,
852 1535 897 1566 ut
924 1527 964 1565 id
991 1540 1152 1579 quaeras,
1179 1525 1283 1577 quod

168 1581 366 1619 conveniat
398 1580 447 1618 ad
475 1594 590 1619 usum
620 1581 797 1628 civitatis)
833 1581 995 1632 reperias
1029 1581 1179 1618 nullam
1207 1592 1285 1617 esse

169 1647 265 1682 rem,
286 1647 404 1686 quam
429 1634 551 1673 facere
576 1647 724 1673 11888558
749 1635 810 1683 511,
838 1635 911 1673 11151
936 1642 1090 1686 propter
1114 1633 1284 1684 aliquam

168 1700 337 1736 causam,
372 1701 490 1739 quam
522 1688 806 1739 adjunctionem
835 1688 1108 1732 nominamus;
1147 1687 1286 1738 pariter

169 1749 299 1779 autem
318 1754 396 1779 esse
414 1742 556 1779 multas
575 1755 632 1780 res
651 1742 948 1789 necessitudinis,
969 1741 1018 1779 ad
1036 1753 1131 1792 quas
1153 1740 1286 1778 similis

170 1794 365 1843 adjunctio
383 1807 460 1832 non
479 1794 641 1833 accedit:
667 1796 770 1856 quod
783 1808 917 1846 genus,
937 1802 981 1833 ut
998 1794 1171 1832 homines
1185 1805 1287 1831 mor-

171 1849 266 1886 tales
290 1861 438 1886 necesse
464 1855 519 1886 est
543 1848 709 1896 interire,
737 1849 817 1886 sine
842 1848 1108 1898 adjunctione·
1138 1854 1183 1884 ut
1204 1847 1288 1885 cibo

171 1909 343 1950 utantur,
374 1914 451 1939 non
481 1913 628 1940 necesse
653 1910 722 1950 est,
749 1902 822 1940 nisi
847 1915 935 1940 cum
959 1901 1028 1939 illa
1053 1900 1286 1951 exceptione,

175 1962 282 1993 extra
309 1968 428 2006 quam
456 1955 487 1992 si
512 1955 634 1993 nolint
659 1955 762 1993 fame
788 1956 920 2007 perire.
968 1954 1088 2005 Ergo,
1118 1961 1163 1992 ut
1191 1953 1286 2000 dixi,

176 2008 288 2056 illud,
315 2008 418 2059 quod
444 2008 679 2059 adjungitur,
707 2022 868 2060 semper,
895 2008 1109 2058 cujusmodi
1133 2007 1194 2055 sit,
1219 2007 1289 2045 erit

176 2061 518 2100 considerandum:
558 2074 650 2100 nam
677 2062 783 2100 omni
810 2070 978 2114 tempore
1003 2061 1045 2099 id
1070 2060 1288 2112 pertinebit,

177 2122 222 2153 ut
243 2113 312 2164 [ad
329 2115 585 2167 honestatem]
606 2116 678 2154 hoc
691 2116 806 2155 modo
821 2115 1044 2168 exponenda
1057 2112 1291 2153 necessitudo

174 2168 245 2222 sit:
271 2169 435 2209 Necesse
454 2177 522 2218 est,
543 2169 574 2209 si
588 2170 744 2210 honeste
762 2170 940 2210 volumus
958 2169 1102 2209 vivere:
1129 2168 1291 2207 Necesse
