1407 2324
207 63 596 113 DEORATORE,
626 63 830 104 L1n.111.
859 63 1048 102 Omn23.
1103 63 1183 100 313

87 171 215 222 pulsu,
243 172 390 224 loquor,
420 184 569 211 summo
595 172 756 210 scilicet:
787 184 934 233 semper
951 170 1066 218 enim,
1090 167 1187 220 qua-

89 237 253 276 cumque
279 226 326 264 de
349 233 429 264 arte
455 233 521 264 aut
541 226 718 264 facultate
736 226 930 276 quaeritur,
950 224 997 262 de
1015 222 1188 262 absoluta

90 285 127 316 et
145 278 310 329 perfecta
328 278 446 339 quaeri
465 279 568 317 solet.
598 278 742 326 Quare,
763 279 794 316 si
805 280 890 339 jam
903 290 965 315 me
983 276 1096 315 vultis
1111 287 1190 314 esse

89 339 290 379 oratorem,
319 332 350 369 si
379 332 492 370 etiam
518 339 574 370 sat
598 334 758 378 bonum,
786 332 817 369 si
840 334 984 369 bonum
1011 330 1188 380 denique,

90 395 167 421 non
194 387 436 436 repugnabo·
468 385 560 436 quid
586 386 687 423 enim
712 397 812 422 nunc
837 385 909 422 sim
927 385 1107 434 ineptus?
1135 382 1190 419 ita

90 449 153 475 me
171 438 377 476 existimari
401 438 487 477 scio.
530 438 647 485 Quod
665 438 696 476 si
713 438 766 475 ita
784 445 851 485 est,
872 450 1043 475 summus
1062 443 1190 473 tamen

90 498 187 528 certe
206 503 282 529 non
302 504 398 529 sum.
438 492 577 542 Neque
603 492 704 530 enim
729 491 831 542 apud
856 490 1027 528 homines
1051 503 1109 527 res
1135 494 1191 526 est

90 544 171 581 ulla
195 544 392 593 difficilior,
412 558 535 596 neque
552 546 688 594 major,
708 557 830 596 neque
849 558 934 595 quae
951 544 1062 594 plura
1080 542 1190 591 adju-

89 604 218 635 menta
235 598 412 636 doctrinae
429 598 622 636 desideret.

141 650 341 699 Attamen,
362 652 542 703 quoniam
561 651 608 689 de
625 657 769 689 oratore
785 650 894 688 nobis
916 648 1188 701 disputandum

90 710 158 751 est,
180 704 226 741 de
245 717 394 742 summo
416 712 560 742 oratore
578 704 701 742 dicam
720 717 868 742 necesse
890 711 955 741 est.
996 703 1067 740 Vis
1085 703 1188 740 enim

90 763 128 794 et
151 763 286 795 natura
303 758 370 806 rei,
390 758 462 795 nisi
480 758 643 809 perfecta
661 764 748 795 ante
765 758 891 795 oculos
908 756 1075 807 ponitur,
1095 767 1190 805 qua-

89 809 136 847 lis
163 817 200 848 et
224 818 367 861 quanta
391 811 451 859 sit,
477 811 637 861 intelligi
664 823 740 848 non
768 817 901 861 potest.
944 809 1015 847 Me
1043 815 1187 855 autem,

91 863 240 911 Catule,
268 864 399 913 fateor,
427 877 551 915 neque
579 863 691 901 hodie
715 864 756 900 in
780 863 860 901 istis
888 862 1008 905 libris,
1040 868 1076 899 et
1100 873 1189 899 cum

89 916 169 954 istis
194 917 411 955 hominibus
437 917 585 963 vivere3
614 929 683 954 nec
707 929 794 954 vero
821 916 877 958 (id
903 915 1006 967 quod
1034 922 1073 952 Lu
1091 920 1190 952 recte

89 970 394 1017 commeministi)
423 970 549 1008 ullum
578 982 751 1021 unquam
778 969 953 1007 habuisse
984 968 1190 1018 sepositum

88 1026 239 1074 temp'us
257 1023 306 1061 ad
323 1023 557 1071 discendum,
585 1036 628 1061 ac
653 1030 804 1061 tantum
821 1022 995 1060 tribuisse
1012 1021 1191 1058 doctrinae

87 1077 280 1127 temporis,
296 1084 483 1128 quantum
501 1077 597 1115 mihi
609 1076 764 1128 puerilis
778 1084 879 1125 aetas,
894 1076 1057 1114 forenses
1071 1074 1189 1122 feriae,

87 1130 344 1168 concesserint.

140 1182 308 1221 XXIII.
336 1183 408 1232 At,
438 1184 470 1222 si
496 1183 647 1235 quaeris,
668 1183 818 1244 Catule,
847 1182 893 1220 de
918 1179 1088 1221 doctrina
1113 1179 1189 1218 ista.

87 1235 181 1287 quid
199 1249 268 1287 ego
286 1238 459 1285 sentiam,
487 1250 564 1275 non
590 1244 741 1275 tantum
762 1236 954 1287 ingenioso
971 1233 1133 1281 homini,
1153 1239 1191 1270 et

88 1289 136 1337 ei,
153 1290 220 1341 qui
237 1290 377 1339 forum,
394 1291 461 1342 qui
475 1291 632 1338 curiam,
652 1291 719 1340 qui
733 1302 875 1337 causas,
896 1289 963 1348 qui
980 1286 1192 1338 rempubli-

89 1355 173 1380 cam
183 1351 350 1403 spectet,
377 1356 472 1394 opus
497 1356 574 1381 esse
600 1344 758 1380 arbitror
781 1341 973 1392 temporis,
1002 1346 1191 1391 quantum

90 1395 190 1433 sibi
181 1395 208 1433 ii
227 1404 455 1445 sumserunt,
476 1409 570 1447 quos
584 1396 764 1434 discentes
778 1395 855 1433 vita
869 1394 1014 1432 defecit.
1042 1393 1191 1431 Omnes

90 1449 192 1486 enim
211 1456 306 1487 artes
325 1450 430 1487 aliter
456 1451 503 1487 ab
528 1449 574 1486 iis
598 1455 818 1495 tractantur,
843 1448 911 1499 qui
929 1461 990 1485 eas
1008 1446 1057 1484 ad
1074 1458 1189 1484 usum

91 1501 346 1547 transferunt3
375 1503 482 1540 aliter
501 1502 625 1549 abiis,
649 1502 730 1553 qui,
750 1502 918 1552 ipsarum
937 1500 1075 1538 artium
1095 1506 1192 1537 trac-

90 1561 172 1592 tatu
188 1555 374 1603 delectati,
394 1555 518 1593 nihil
508 1569 547 1593 in
567 1555 645 1593 vita
663 1562 751 1593 sunt
765 1554 869 1592 aliud
883 1553 1012 1592 acturi.
1041 1552 1190 1603 Magis-

91 1614 147 1646 ter
170 1608 234 1646 hic
259 1608 489 1647 Samnitium
515 1615 551 1646 et
575 1621 727 1646 summa
748 1609 830 1657 jam
853 1613 1041 1645 senectute
1059 1613 1127 1654 est,
1154 1611 1192 1643 et

91 1661 259 1712 quotidie
283 1668 583 1699 commentatur:
613 1662 710 1699 nihil
736 1661 838 1699 enim
863 1667 969 1698 curat
993 1659 1122 1697 aliud.
1151 1665 1191 1696 at

91 1715 142 1762 Q.
158 1715 336 1753 Velocius
360 1729 454 1766 puer
478 1715 728 1753 addidicerat:
757 1714 822 1752 sed
848 1713 951 1765 quod
975 1720 1054 1750 erat
1079 1719 1191 1762 aptus

90 1768 140 1805 ad
164 1767 274 1817 illud,
300 1775 501 1820 totumque
526 1770 718 1820 cognorat,
744 1767 833 1817 fuit,
851 1774 896 1805 ut
914 1774 968 1805 est
986 1765 1090 1818 apud
1107 1765 1190 1802 Lu-

89 1821 235 1870 cilium,

585 1894 614 1917 “
630 1893 803 1946 quamvis
820 1894 943 1932 bonus
960 1892 1041 1943 ipse

143 1946 294 1986 Samnis
311 1946 353 1985 in
370 1947 477 1997 ludo,
497 1960 540 1995 ac
557 1947 715 1986 rudibus
734 1947 850 1985 cuivis
869 1946 957 1984 satis
974 1957 1105 1995 asper.
1095 1943 1137 1968 ·”

93 2031 159 2070 sed
181 2033 269 2084 plus
293 2047 416 2085 operae
439 2033 521 2073 foro
539 2035 740 2084 tribuebat,
760 2034 904 2081 amicis,
929 2032 983 2070 rei
1000 2030 1191 2069 familiari.

92 2085 269 2124 Valerius
283 2087 450 2137 quotidie
464 2091 661 2127 cantabat:
682 2096 761 2127 erat
774 2088 876 2126 enim
890 2085 1078 2124 scenicus.
1099 2083 1194 2135 quid

93 2138 232 2177 faceret
249 2139 385 2179 aliud?
414 2141 473 2178 At
491 2142 701 2183 Numerius
719 2141 873 2189 Furius,
893 2146 1017 2180 noster
1034 2137 1196 2178 familia-

143 2192 340 2241 (Baeton)
370 2204 473 2233 VOL.
495 2206 525 2234 1.
807 2196 832 2232 2
852 2205 881 2235 E
