1407 2308
232 62 309 102 DE
337 61 629 111 ORATORE‚
660 63 756 102 Lm.
780 64 836 103 ΙΙ.
867 63 970 102 CAP.
996 64 1056 101 14.
1120 65 1199 102 205

99 182 221 220 neque
239 172 438 208 verborum
456 172 710 220 collocatione,
737 178 774 210 et
792 178 911 210 tractu
930 170 1105 209 orationis
1123 169 1200 208 leni

100 229 137 260 et
168 224 358 274 aequabili,
391 225 590 276 perpolivit
622 225 718 262 illud
750 238 870 275 opus;
905 225 983 272 sed,
1011 230 1056 262 ut
1085 224 1201 261 homo

99 288 221 327 neque
250 276 382 315 doctus
414 290 537 329 neque
568 279 736 316 maxime
768 286 879 329 aptus
907 278 955 316 ad.
982 277 1199 323 dicendum,

100 329 195 366 sicut
223 330 360 380 potuit,
395 330 558 369 dolavit:
589 331 676 369 vicit
705 339 847 379 tamen,
878 338 922 368 ut
953 330 1058 378 (licis,
1089 343 1200 381 supe-

99 383 223 420 riores.
264 383 430 422 Minime
453 385 608 431 mirum,
628 385 753 435 inquit
770 384 977 431 Antonius,
999 384 1029 422 si
1054 384 1124 422 ista
1142 396 1199 421 res

98 435 222 474 adhuc
240 437 367 475 nostra
392 437 524 487 lingua
546 438 729 475 illustrata
754 450 830 475 non
856 445 933 475 est:
963 450 1075 475 nemo
1100 437 1201 474 enim

99 489 224 527 studet
251 490 474 541 eloquentiae
502 499 714 529 nostrorum
742 491 955 538 hominum,
987 490 1059 528 nisi
1089 497 1132 527 ut
1159 490 1199 526 in

99 543 219 580 causis
248 551 361 594 atque
386 544 426 580 in
451 544 532 582 foro
562 545 728 582 eluceat:
759 544 861 595 apud
893 544 1043 581 Graecos
1072 550 1200 580 autem

99 595 392 646 eloquentissimi
417 597 602 643 homines,
631 598 765 635 remoti
791 611 814 635 a
838 597 957 635 causis
974 597 1197 643 forensibus,

98 661 186 686 cum
206 649 254 686 ad
273 658 421 688 caeteras
440 663 497 688 res
515 651 691 698 illustres,
708 658 790 689 tum
809 651 857 688 ad
872 650 1104 688 scribendam
1123 650 1200 686 his-

98 703 234 739 toriam
261 703 442 752 maxime,
469 717 508 741 se
530 705 823 764 applicaverunt.
864 704 1044 754 Namque
1058 711 1099 741 ct
1118 702 1200 740 He-

98 755 271 793 rodotum
297 756 422 803 illum,
449 757 515 817 qui
540 758 712 808 princeps
737 770 855 808 genus
880 757 952 794 hoc
969 756 1129 805 ornavit,
1158 756 1197 792 in

98 809 218 846 causis
242 809 337 846 nihil
362 810 516 848 omnino
535 818 722 848 versatum
742 824 819 848 esse
837 809 1071 860 aecepixnus':
1093 809 1198 859 atqui

98 869 202 899 tanta
226 869 282 900 est
306 863 531 914 eloquentia,
558 872 601 902 ut
625 877 687 901 me
713 863 880 915 quidem,
908 869 1095 913 quantum
1127 875 1197 911 ego

100 915 230 953 Graece
261 916 397 966 scripta
431 917 638 967 intelligere
670 930 837 968 possum,
874 928 1101 966 magnopere
1133 915 1197 952 de-

96 968 215 1006 lectet.
255 968 322 1016 Et,
351 976 435 1020 post
461 969 586 1017 illum,
619 970 861 1021 Thucydides
889 982 1018 1007 omnes
1048 968 1197 1006 dicendi

97 1021 265 1069 artificio,
294 1023 381 1060 mea
403 1024 600 1071 sententia,
625 1023 734 1061 facile
759 1024 871 1067 vicit3
901 1023 968 1073 qui
992 1022 1045 1059 ita
1069 1023 1196 1060 creber

97 1083 151 1113 est
169 1087 295 1113 rerum
313 1075 537 1126 frequentia,
566 1083 609 1113 ut
630 1079 828 1114 verborum
853 1088 969 1126 prope
992 1088 1196 1112 numerum

96 1129 365 1166 sententiarum
390 1142 547 1167 numero
573 1137 846 1181 consequatur3
876 1129 929 1166 ita
946 1141 1056 1179 porro
1075 1128 1196 1166 verbis

94 1188 204 1232 aptus
229 1188 266 1219 et
282 1195 443 1233 pressus,
464 1190 508 1220 ut
531 1183 684 1231 nescias,
712 1191 841 1220 utrum
866 1195 922 1220 res
947 1181 1126 1229 oratione,
1147 1194 1195 1218 an

95 1237 208 1272 verba
232 1236 435 1283 sententiis,
461 1236 705 1274 illustrentur.
752 1235 877 1286 Atqui
906 1248 953 1273 ne
980 1235 1081 1272 hunc
1109 1234 1194 1285 qui-

96 1287 197 1334 dem,
227 1301 460 1339 quamquam
486 1297 539 1327 est
564 1289 603 1326 in
629 1290 822 1340 republica
846 1296 1024 1335 versatus,
1052 1301 1098 1325 ex
1121 1300 1193 1324 nu-

96 1353 199 1378 mero
227 1342 437 1392 accepimus
465 1355 594 1379 eorum
627 1343 693 1393 qui
723 1355 851 1380 causas
880 1341 1123 1386 dictitia-unm
1159 1349 1194 1378 et

96 1393 163 1431 hos
177 1394 290 1432 libros
306 1402 388 1432 tum
407 1395 591 1445 scripsisse
609 1395 758 1443 dicitur,
779 1408 866 1433 cum
885 1408 908 1431 a
926 1394 1118 1444 republica
1135 1407 1193 1431 re-

93 1454 233 1494 motus,
261 1455 374 1498 atque
400 1448 455 1490 (id
481 1448 583 1498 quod
608 1449 751 1499 optimo
776 1448 912 1498 cuique
939 1447 1102 1484 Athenis
1132 1459 1193 1484 ac-

94 1499 214 1537 cidere
232 1501 385 1538 solitum
410 1508 480 1547 est)
507 1501 546 1538 in
572 1502 747 1539 exsilium
766 1502 898 1552 pulsus
923 1507 1027 1538 esset.
1075 1500 1194 1538 Hunc

93 1560 312 1591 consecutus
337 1561 391 1592 est
416 1554 634 1604 Syracusius
662 1555 856 1602 Philistus,
883 1554 964 1604 qui,
991 1566 1078 1591 cum
1098 1553 1193 1591 Dio-

93 1606 190 1656 nysii
208 1607 357 1657 tyranni
375 1607 687 1645 familiarissimus
706 1614 812 1654 esset,
833 1607 953 1645 otium
972 1619 1085 1644 suum
1103 1619 1193 1645 con-

92 1659 226 1697 sumsit
250 1659 290 1697 ἰη
315 1660 470 1698 historia
499 1660 706 1708 scribenda,
732 1660 974 1711 maximeque
995 1659 1192 1710 Thucydi-

92 1711 180 1750 dem
199 1720 266 1761 est,
287 1713 382 1751 sicut
398 1713 493 1751 mihi
519 1714 678 1762 videtur,
705 1714 884 1751 imitatus.
929 1713 1064 1751 Postea
1090 1725 1190 1760 vero,

91 1765 198 1816 quasi
217 1778 263 1803 ex
282 1767 486 1804 clarissima
509 1766 665 1805 rhetoris
688 1765 848 1815 officina,
875 1766 950 1804 duo
974 1772 1191 1817 praestantes

91 1818 255 1869 ingenio,
284 1819 555 1871 Theopompus
574 1828 611 1858 et
635 1820 826 1871 Ephorus,
854 1821 901 1858 ab
928 1819 1091 1857 Isocrate
1109 1832 1190 1856 ma-

90 1871 206 1921 gistro
229 1871 397 1923 impulsi,
426 1886 464 1911 se
482 1873 530 1911 ad
553 1873 746 1912 historiam
770 1873 1031 1912 contulerunt.
1063 1884 1191 1910 causas

91 1924 245 1962 omnino
263 1938 460 1977 nunquam
478 1926 693 1977 attigerunt.

143 1977 260 2015 XIV.
278 1978 454 2030 Denique
472 1979 585 2017 etiam
600 1993 622 2017 a
635 1978 871 2030 philosophia
884 1978 1070 2030 profectus
1084 1977 1189 2028 prin-

91 2042 176 2080 ceps
195 2030 423 2082 Xenophon,
444 2032 652 2071 Socraticus
670 2033 758 2078 ille;
785 2040 926 2083 post,a
904 2034 951 2069 ab
969 2031 1187 2078 Aristotele,

84 2081 350 2133 Callisthenes,
379 2098 502 2124 comes
533 2086 758 2133 Alexandri,
793 2085 938 2136 scripsit
966 2084 1185 2122 historiam·
1173 2111 1186 2129 ‚

90 2141 129 2172 et
152 2135 214 2174 hic
231 2137 385 2187 quidem
403 2138 586 2177 rhetorico
610 2152 717 2190 paene
741 2151 868 2177 more:
898 2138 961 2175 ille
980 2144 1106 2175 autem
1126 2149 1188 2174 su-

145 2189 337 2244 (Rlzetor.)
366 2202 393 2228 v
399 2202 468 2229 οι.
494 2203 520 2229 ι.
844 2202 870 2228 Τ
