<?xml version="1.0" encoding="UTF-8"?>
<!DOCTYPE html PUBLIC "-//W3C//DTD XHTML 1.0 Transitional//EN"
    "http://www.w3.org/TR/xhtml1/DTD/xhtml1-transitional.dtd">
<html xmlns="http://www.w3.org/1999/xhtml" xml:lang="en" lang="en">
 <head>
  <title>
</title>
<meta http-equiv="Content-Type" content="text/html;charset=utf-8" />
  <meta name='ocr-system' content='tesseract 3.04.00' />
  <meta name='ocr-capabilities' content='ocr_page ocr_carea ocr_par ocr_line ocrx_word'/>
</head>
<body>
  <div class='ocr_page' id='page_1' title='image "./operaern01ciceuoft_0391.png"; bbox 0 0 1407 2324; ppageno 0'>
   <div class='ocr_carea' id='block_1_1' title="bbox 134 59 1162 114">
    <p class='ocr_par' dir='ltr' id='par_1_1' title="bbox 134 59 1162 114">
     <span class='ocr_line' id='line_1_1' title="bbox 134 59 1162 114; baseline -0.018 0"><span class='ocrx_word' id='word_1_1' title='bbox 134 75 210 114; x_wconf 89' lang='lat' dir='ltr'><strong>DE</strong></span> <span class='ocrx_word' id='word_1_2' title='bbox 230 71 433 113; x_wconf 87' lang='lat' dir='ltr'><strong>CLARIS</strong></span> <span class='ocrx_word' id='word_1_3' title='bbox 453 65 838 111; x_wconf 88' lang='lat' dir='ltr'><strong>ORATORIBUS,</strong></span> <span class='ocrx_word' id='word_1_4' title='bbox 853 63 956 102; x_wconf 61' lang='lat' dir='ltr'><strong>CM».</strong></span> <span class='ocrx_word' id='word_1_5' title='bbox 981 62 1040 100; x_wconf 88' lang='grc'><strong>19.</strong></span> <span class='ocrx_word' id='word_1_6' title='bbox 1084 59 1162 103; x_wconf 89' lang='grc'><strong>373</strong></span> 
     </span>
    </p>
   </div>
   <div class='ocr_carea' id='block_1_2' title="bbox 65 167 1182 2241">
    <p class='ocr_par' dir='ltr' id='par_1_2' title="bbox 65 167 1171 804">
     <span class='ocr_line' id='line_1_2' title="bbox 65 167 1164 221; baseline -0.015 -1"><span class='ocrx_word' id='word_1_7' title='bbox 65 179 320 221; x_wconf 78' lang='lat' dir='ltr'><strong>controversia,</strong></span> <span class='ocrx_word' id='word_1_8' title='bbox 362 177 494 215; x_wconf 83' lang='lat' dir='ltr'><strong>Attius</strong></span> <span class='ocrx_word' id='word_1_9' title='bbox 521 182 647 212; x_wconf 86' lang='lat' dir='ltr'><strong>autem</strong></span> <span class='ocrx_word' id='word_1_10' title='bbox 667 187 689 211; x_wconf 89' lang='lat' dir='ltr'><strong>a</strong></span> <span class='ocrx_word' id='word_1_11' title='bbox 709 173 759 220; x_wconf 87' lang='lat' dir='ltr'><strong>Q.</strong></span> <span class='ocrx_word' id='word_1_12' title='bbox 784 170 960 209; x_wconf 74' lang='lat' dir='ltr'><strong>Maximo</strong></span> <span class='ocrx_word' id='word_1_13' title='bbox 987 167 1164 219; x_wconf 84' lang='lat' dir='ltr'><strong>quintum</strong></span> 
     </span>
     <span class='ocr_line' id='line_1_3' title="bbox 66 219 1164 283; baseline -0.015 -10"><span class='ocrx_word' id='word_1_14' title='bbox 66 235 216 274; x_wconf 91' lang='lat' dir='ltr'><strong>consule</strong></span> <span class='ocrx_word' id='word_1_15' title='bbox 228 239 380 283; x_wconf 87' lang='lat' dir='ltr'><strong>captum</strong></span> <span class='ocrx_word' id='word_1_16' title='bbox 390 230 556 267; x_wconf 86' lang='lat' dir='ltr'><strong>Tarento</strong></span> <span class='ocrx_word' id='word_1_17' title='bbox 569 227 714 277; x_wconf 87' lang='lat' dir='ltr'><strong>scripsit</strong></span> <span class='ocrx_word' id='word_1_18' title='bbox 728 225 896 270; x_wconf 86' lang='lat' dir='ltr'><strong>Livium,</strong></span> <span class='ocrx_word' id='word_1_19' title='bbox 907 222 1013 260; x_wconf 90' lang='lat' dir='ltr'><strong>annis</strong></span> <span class='ocrx_word' id='word_1_20' title='bbox 1026 219 1164 258; x_wconf 85' lang='lat' dir='ltr'>XXX.</span> 
     </span>
     <span class='ocr_line' id='line_1_4' title="bbox 67 273 1164 340; baseline -0.015 -14"><span class='ocrx_word' id='word_1_21' title='bbox 67 296 164 340; x_wconf 87' lang='lat' dir='ltr'><strong>post,</strong></span> <span class='ocrx_word' id='word_1_22' title='bbox 185 298 300 338; x_wconf 88' lang='lat' dir='ltr'><strong>quam</strong></span> <span class='ocrx_word' id='word_1_23' title='bbox 321 297 407 322; x_wconf 90' lang='lat' dir='ltr'><strong>eum</strong></span> <span class='ocrx_word' id='word_1_24' title='bbox 427 282 596 320; x_wconf 85' lang='lat' dir='ltr'><strong>fabulam</strong></span> <span class='ocrx_word' id='word_1_25' title='bbox 617 280 783 317; x_wconf 88' lang='lat' dir='ltr'>docuisse</span> <span class='ocrx_word' id='word_1_26' title='bbox 803 285 839 315; x_wconf 90' lang='lat' dir='ltr'><strong>et</strong></span> <span class='ocrx_word' id='word_1_27' title='bbox 854 276 1006 314; x_wconf 81' lang='lat' dir='ltr'><strong>Atticus</strong></span> <span class='ocrx_word' id='word_1_28' title='bbox 1025 273 1164 318; x_wconf 80' lang='lat' dir='ltr'>scribit,</span> 
     </span>
     <span class='ocr_line' id='line_1_5' title="bbox 68 326 1167 388; baseline -0.017 -8"><span class='ocrx_word' id='word_1_29' title='bbox 68 349 104 380; x_wconf 90' lang='lat' dir='ltr'><strong>et</strong></span> <span class='ocrx_word' id='word_1_30' title='bbox 123 353 190 379; x_wconf 93' lang='lat' dir='ltr'><strong>nos</strong></span> <span class='ocrx_word' id='word_1_31' title='bbox 208 340 247 377; x_wconf 90' lang='lat' dir='ltr'><strong>in</strong></span> <span class='ocrx_word' id='word_1_32' title='bbox 267 337 431 388; x_wconf 87' lang='lat' dir='ltr'>antiquis</span> <span class='ocrx_word' id='word_1_33' title='bbox 445 333 722 372; x_wconf 88' lang='lat' dir='ltr'><strong>commentariis</strong></span> <span class='ocrx_word' id='word_1_34' title='bbox 741 331 978 372; x_wconf 80' lang='lat' dir='ltr'><strong>invenimus3</strong></span> <span class='ocrx_word' id='word_1_35' title='bbox 999 326 1167 364; x_wconf 86' lang='lat' dir='ltr'>docuisse</span> 
     </span>
     <span class='ocr_line' id='line_1_6' title="bbox 69 378 1165 438; baseline -0.016 -6"><span class='ocrx_word' id='word_1_36' title='bbox 69 403 197 432; x_wconf 87' lang='lat' dir='ltr'><strong>autem</strong></span> <span class='ocrx_word' id='word_1_37' title='bbox 214 392 384 430; x_wconf 88' lang='lat' dir='ltr'><strong>fabulam</strong></span> <span class='ocrx_word' id='word_1_38' title='bbox 411 388 518 426; x_wconf 89' lang='lat' dir='ltr'><strong>annis</strong></span> <span class='ocrx_word' id='word_1_39' title='bbox 536 395 620 438; x_wconf 86' lang='lat' dir='ltr'><strong>post</strong></span> <span class='ocrx_word' id='word_1_40' title='bbox 639 386 714 422; x_wconf 87' lang='lat' dir='ltr'><strong>XI.</strong></span> <span class='ocrx_word' id='word_1_41' title='bbox 737 384 780 422; x_wconf 84' lang='lat' dir='ltr'><strong>C.</strong></span> <span class='ocrx_word' id='word_1_42' title='bbox 803 382 990 426; x_wconf 85' lang='lat' dir='ltr'><strong>Cornelio,</strong></span> <span class='ocrx_word' id='word_1_43' title='bbox 1012 379 1061 426; x_wconf 89' lang='lat' dir='ltr'><strong>Q.</strong></span> <span class='ocrx_word' id='word_1_44' title='bbox 1085 378 1165 415; x_wconf 95' lang='lat' dir='ltr'><strong>Mi-</strong></span> 
     </span>
     <span class='ocr_line' id='line_1_7' title="bbox 70 432 1167 489; baseline -0.016 -4"><span class='ocrx_word' id='word_1_45' title='bbox 70 447 180 485; x_wconf 90' lang='lat' dir='ltr'><strong>nucio</strong></span> <span class='ocrx_word' id='word_1_46' title='bbox 209 444 437 489; x_wconf 86' lang='lat' dir='ltr'><strong>consulibus,</strong></span> <span class='ocrx_word' id='word_1_47' title='bbox 469 441 569 478; x_wconf 85' lang='lat' dir='ltr'><strong>ludis</strong></span> <span class='ocrx_word' id='word_1_48' title='bbox 599 437 828 483; x_wconf 82' lang='lat' dir='ltr'><strong>Juventatis,</strong></span> <span class='ocrx_word' id='word_1_49' title='bbox 859 447 953 486; x_wconf 89' lang='lat' dir='ltr'><strong>quos</strong></span> <span class='ocrx_word' id='word_1_50' title='bbox 981 432 1167 470; x_wconf 85' lang='lat' dir='ltr'>Salinator</span> 
     </span>
     <span class='ocr_line' id='line_1_8' title="bbox 70 483 1169 548; baseline -0.017 -9"><span class='ocrx_word' id='word_1_51' title='bbox 70 499 226 539; x_wconf 89' lang='lat' dir='ltr'>Senensi</span> <span class='ocrx_word' id='word_1_52' title='bbox 253 497 383 548; x_wconf 87' lang='lat' dir='ltr'><strong>proelio</strong></span> <span class='ocrx_word' id='word_1_53' title='bbox 411 500 571 532; x_wconf 82' lang='lat' dir='ltr'><strong>voverat.</strong></span> <span class='ocrx_word' id='word_1_54' title='bbox 613 492 660 529; x_wconf 91' lang='lat' dir='ltr'><strong>In</strong></span> <span class='ocrx_word' id='word_1_55' title='bbox 689 503 764 542; x_wconf 93' lang='lat' dir='ltr'><strong>quo</strong></span> <span class='ocrx_word' id='word_1_56' title='bbox 792 497 918 527; x_wconf 84' lang='lat' dir='ltr'><strong>tantus</strong></span> <span class='ocrx_word' id='word_1_57' title='bbox 944 498 1043 524; x_wconf 89' lang='lat' dir='ltr'><strong>error</strong></span> <span class='ocrx_word' id='word_1_58' title='bbox 1067 483 1169 522; x_wconf 86' lang='lat' dir='ltr'><strong>Attii</strong></span> 
     </span>
     <span class='ocr_line' id='line_1_9' title="bbox 70 537 1168 600; baseline -0.017 -8"><span class='ocrx_word' id='word_1_59' title='bbox 70 554 158 600; x_wconf 86' lang='lat' dir='ltr'><strong>fuit,</strong></span> <span class='ocrx_word' id='word_1_60' title='bbox 184 559 241 598; x_wconf 91' lang='lat' dir='ltr'><strong>ut,</strong></span> <span class='ocrx_word' id='word_1_61' title='bbox 271 550 331 588; x_wconf 87' lang='lat' dir='ltr'><strong>his</strong></span> <span class='ocrx_word' id='word_1_62' title='bbox 357 547 586 591; x_wconf 79' lang='lat' dir='ltr'><strong>consulibus,</strong></span> <span class='ocrx_word' id='word_1_63' title='bbox 616 544 705 582; x_wconf 88' lang='lat' dir='ltr'><strong>XL.</strong></span> <span class='ocrx_word' id='word_1_64' title='bbox 735 555 852 581; x_wconf 92' lang='lat' dir='ltr'><strong>annos</strong></span> <span class='ocrx_word' id='word_1_65' title='bbox 882 547 991 578; x_wconf 90' lang='lat' dir='ltr'><strong>natus</strong></span> <span class='ocrx_word' id='word_1_66' title='bbox 1017 537 1168 575; x_wconf 90' lang='lat' dir='ltr'><strong>Ennius</strong></span> 
     </span>
     <span class='ocr_line' id='line_1_10' title="bbox 70 589 1168 650; baseline -0.017 -5"><span class='ocrx_word' id='word_1_67' title='bbox 70 606 206 645; x_wconf 84' lang='lat' dir='ltr'><strong>fuerit:</strong></span> <span class='ocrx_word' id='word_1_68' title='bbox 236 603 297 641; x_wconf 86' lang='lat' dir='ltr'><strong>cui</strong></span> <span class='ocrx_word' id='word_1_69' title='bbox 326 614 413 640; x_wconf 89' lang='lat' dir='ltr'><strong>cum</strong></span> <span class='ocrx_word' id='word_1_70' title='bbox 445 598 599 650; x_wconf 84' lang='lat' dir='ltr'><strong>aequah&#39;s</strong></span> <span class='ocrx_word' id='word_1_71' title='bbox 628 597 741 635; x_wconf 91' lang='lat' dir='ltr'><strong>fuerit</strong></span> <span class='ocrx_word' id='word_1_72' title='bbox 769 595 917 641; x_wconf 90' lang='lat' dir='ltr'><strong>Livius,</strong></span> <span class='ocrx_word' id='word_1_73' title='bbox 943 592 1066 629; x_wconf 89' lang='lat' dir='ltr'><strong>minor</strong></span> <span class='ocrx_word' id='word_1_74' title='bbox 1093 589 1168 627; x_wconf 89' lang='lat' dir='ltr'><strong>fuit</strong></span> 
     </span>
     <span class='ocr_line' id='line_1_11' title="bbox 70 642 1168 711; baseline -0.018 -13"><span class='ocrx_word' id='word_1_75' title='bbox 70 661 263 711; x_wconf 88' lang='lat' dir='ltr'><strong>aliquanto</strong></span> <span class='ocrx_word' id='word_1_76' title='bbox 280 656 326 702; x_wconf 92' lang='lat' dir='ltr'><strong>is,</strong></span> <span class='ocrx_word' id='word_1_77' title='bbox 347 654 414 706; x_wconf 93' lang='lat' dir='ltr'><strong>qui</strong></span> <span class='ocrx_word' id='word_1_78' title='bbox 430 652 575 704; x_wconf 88' lang='lat' dir='ltr'><strong>primus</strong></span> <span class='ocrx_word' id='word_1_79' title='bbox 594 650 762 688; x_wconf 89' lang='lat' dir='ltr'><strong>fabulam</strong></span> <span class='ocrx_word' id='word_1_80' title='bbox 783 648 898 692; x_wconf 81' lang='lat' dir='ltr'><strong>dedit,</strong></span> <span class='ocrx_word' id='word_1_81' title='bbox 916 657 1031 696; x_wconf 90' lang='lat' dir='ltr'><strong>quam</strong></span> <span class='ocrx_word' id='word_1_82' title='bbox 1043 643 1084 689; x_wconf 91' lang='lat' dir='ltr'><strong>ii,</strong></span> <span class='ocrx_word' id='word_1_83' title='bbox 1101 642 1168 693; x_wconf 89' lang='lat' dir='ltr'><strong>qui</strong></span> 
     </span>
     <span class='ocr_line' id='line_1_12' title="bbox 71 698 1171 750; baseline -0.017 1"><span class='ocrx_word' id='word_1_84' title='bbox 71 714 210 750; x_wconf 90' lang='lat' dir='ltr'><strong>multas</strong></span> <span class='ocrx_word' id='word_1_85' title='bbox 238 710 440 747; x_wconf 85' lang='lat' dir='ltr'>docuerant</span> <span class='ocrx_word' id='word_1_86' title='bbox 467 713 553 743; x_wconf 87' lang='lat' dir='ltr'><strong>ante</strong></span> <span class='ocrx_word' id='word_1_87' title='bbox 581 704 649 741; x_wconf 91' lang='lat' dir='ltr'><strong>hos</strong></span> <span class='ocrx_word' id='word_1_88' title='bbox 676 701 858 749; x_wconf 90' lang='lat' dir='ltr'><strong>consules,</strong></span> <span class='ocrx_word' id='word_1_89' title='bbox 886 706 923 737; x_wconf 91' lang='lat' dir='ltr'><strong>et</strong></span> <span class='ocrx_word' id='word_1_90' title='bbox 950 698 1109 735; x_wconf 80' lang='lat' dir='ltr'><strong>Plautus</strong></span> <span class='ocrx_word' id='word_1_91' title='bbox 1134 701 1171 733; x_wconf 89' lang='lat' dir='ltr'><strong>et</strong></span> 
     </span>
     <span class='ocr_line' id='line_1_13' title="bbox 70 766 240 804; baseline -0.018 0"><span class='ocrx_word' id='word_1_92' title='bbox 70 767 110 804; x_wconf 84' lang='grc' dir='ltr'>Ν</span> <span class='ocrx_word' id='word_1_93' title='bbox 114 766 240 804; x_wconf 85' lang='lat' dir='ltr'><strong>aevius.</strong></span> 
     </span>
    </p>

    <p class='ocr_par' dir='ltr' id='par_1_3' title="bbox 68 801 1171 1182">
     <span class='ocr_line' id='line_1_14' title="bbox 123 801 1167 862; baseline -0.018 -5"><span class='ocrx_word' id='word_1_94' title='bbox 123 818 241 857; x_wconf 91' lang='lat' dir='ltr'>XIX.</span> <span class='ocrx_word' id='word_1_95' title='bbox 272 816 367 854; x_wconf 86' lang='lat' dir='ltr'><strong>Haec</strong></span> <span class='ocrx_word' id='word_1_96' title='bbox 387 814 417 852; x_wconf 90' lang='lat' dir='ltr'><strong>si</strong></span> <span class='ocrx_word' id='word_1_97' title='bbox 435 813 562 850; x_wconf 90' lang='lat' dir='ltr'><strong>minus</strong></span> <span class='ocrx_word' id='word_1_98' title='bbox 581 818 668 862; x_wconf 90' lang='lat' dir='ltr'><strong>apta</strong></span> <span class='ocrx_word' id='word_1_99' title='bbox 686 807 859 847; x_wconf 86' lang='lat' dir='ltr'><strong>videntur</strong></span> <span class='ocrx_word' id='word_1_100' title='bbox 883 805 972 843; x_wconf 89' lang='lat' dir='ltr'><strong>huic</strong></span> <span class='ocrx_word' id='word_1_101' title='bbox 991 801 1167 847; x_wconf 81' lang='lat' dir='ltr'><strong>sermoni,</strong></span> 
     </span>
     <span class='ocr_line' id='line_1_15' title="bbox 72 855 1169 917; baseline -0.018 -6"><span class='ocrx_word' id='word_1_102' title='bbox 72 874 206 917; x_wconf 80' lang='lat' dir='ltr'>Brute,</span> <span class='ocrx_word' id='word_1_103' title='bbox 233 869 364 908; x_wconf 85' lang='lat' dir='ltr'><strong>Attico</strong></span> <span class='ocrx_word' id='word_1_104' title='bbox 396 866 557 916; x_wconf 89' lang='lat' dir='ltr'><strong>assigna,</strong></span> <span class='ocrx_word' id='word_1_105' title='bbox 585 864 651 914; x_wconf 90' lang='lat' dir='ltr'><strong>qui</strong></span> <span class='ocrx_word' id='word_1_106' title='bbox 677 875 740 900; x_wconf 90' lang='lat' dir='ltr'><strong>me</strong></span> <span class='ocrx_word' id='word_1_107' title='bbox 764 857 1014 898; x_wconf 84' lang='lat' dir='ltr'><strong>inflammavit</strong></span> <span class='ocrx_word' id='word_1_108' title='bbox 1046 855 1169 893; x_wconf 90' lang='lat' dir='ltr'><strong>studio</strong></span> 
     </span>
     <span class='ocr_line' id='line_1_16' title="bbox 68 907 1168 964; baseline -0.019 0"><span class='ocrx_word' id='word_1_109' title='bbox 68 924 273 963; x_wconf 86' lang='lat' dir='ltr'><strong>illustrium</strong></span> <span class='ocrx_word' id='word_1_110' title='bbox 298 921 497 959; x_wconf 86' lang='lat' dir='ltr'><strong>hominum</strong></span> <span class='ocrx_word' id='word_1_111' title='bbox 518 925 641 955; x_wconf 85' lang='lat' dir='ltr'><strong>aetates</strong></span> <span class='ocrx_word' id='word_1_112' title='bbox 661 922 697 953; x_wconf 87' lang='lat' dir='ltr'><strong>et</strong></span> <span class='ocrx_word' id='word_1_113' title='bbox 723 922 891 964; x_wconf 87' lang='lat' dir='ltr'><strong>tempora</strong></span> <span class='ocrx_word' id='word_1_114' title='bbox 909 907 1168 962; x_wconf 83' lang='lat' dir='ltr'><strong>persequendi.</strong></span> 
     </span>
     <span class='ocr_line' id='line_1_17' title="bbox 70 962 1170 1029; baseline -0.019 -12"><span class='ocrx_word' id='word_1_115' title='bbox 70 979 156 1029; x_wconf 89' lang='lat' dir='ltr'><strong>Ego</strong></span> <span class='ocrx_word' id='word_1_116' title='bbox 175 989 274 1024; x_wconf 88' lang='lat' dir='ltr'><strong>vero,</strong></span> <span class='ocrx_word' id='word_1_117' title='bbox 295 973 419 1024; x_wconf 89' lang='lat' dir='ltr'><strong>inquit</strong></span> <span class='ocrx_word' id='word_1_118' title='bbox 437 973 595 1015; x_wconf 80' lang='lat' dir='ltr'><strong>Bmtus,</strong></span> <span class='ocrx_word' id='word_1_119' title='bbox 616 977 651 1006; x_wconf 90' lang='lat' dir='ltr'><strong>et</strong></span> <span class='ocrx_word' id='word_1_120' title='bbox 669 968 829 1005; x_wconf 87' lang='lat' dir='ltr'><strong>delector</strong></span> <span class='ocrx_word' id='word_1_121' title='bbox 847 965 918 1002; x_wconf 63' lang='lat' dir='ltr'><strong>ista</strong></span> <span class='ocrx_word' id='word_1_122' title='bbox 937 962 1045 1013; x_wconf 85' lang='lat' dir='ltr'><strong>quasi</strong></span> <span class='ocrx_word' id='word_1_123' title='bbox 1063 967 1170 998; x_wconf 84' lang='lat' dir='ltr'><strong>nota-</strong></span> 
     </span>
     <span class='ocr_line' id='line_1_18' title="bbox 69 1017 1170 1080; baseline -0.019 -10"><span class='ocrx_word' id='word_1_124' title='bbox 69 1032 169 1070; x_wconf 87' lang='lat' dir='ltr'><strong>tione</strong></span> <span class='ocrx_word' id='word_1_125' title='bbox 187 1037 400 1080; x_wconf 85' lang='lat' dir='ltr'><strong>temporum</strong></span> <span class='ocrx_word' id='word_1_126' title='bbox 416 1039 428 1070; x_wconf 73' lang='grc' dir='ltr'><strong>ς</strong></span> <span class='ocrx_word' id='word_1_127' title='bbox 458 1031 494 1062; x_wconf 91' lang='lat' dir='ltr'><strong>et</strong></span> <span class='ocrx_word' id='word_1_128' title='bbox 512 1023 560 1061; x_wconf 92' lang='lat' dir='ltr'><strong>ad</strong></span> <span class='ocrx_word' id='word_1_129' title='bbox 571 1022 623 1068; x_wconf 90' lang='lat' dir='ltr'><strong>id,</strong></span> <span class='ocrx_word' id='word_1_130' title='bbox 637 1020 739 1072; x_wconf 92' lang='lat' dir='ltr'><strong>quod</strong></span> <span class='ocrx_word' id='word_1_131' title='bbox 757 1017 965 1063; x_wconf 85' lang='lat' dir='ltr'><strong>instituisti,</strong></span> <span class='ocrx_word' id='word_1_132' title='bbox 978 1022 1170 1053; x_wconf 87' lang='lat' dir='ltr'><strong>oratorum</strong></span> 
     </span>
     <span class='ocr_line' id='line_1_19' title="bbox 69 1069 1171 1136; baseline -0.018 -13"><span class='ocrx_word' id='word_1_133' title='bbox 69 1096 206 1136; x_wconf 86' lang='lat' dir='ltr'><strong>genera</strong></span> <span class='ocrx_word' id='word_1_134' title='bbox 227 1081 454 1130; x_wconf 85' lang='lat' dir='ltr'><strong>distinguere</strong></span> <span class='ocrx_word' id='word_1_135' title='bbox 484 1076 669 1123; x_wconf 86' lang='lat' dir='ltr'><strong>aetatibus,</strong></span> <span class='ocrx_word' id='word_1_136' title='bbox 696 1074 807 1111; x_wconf 79' lang='lat' dir='ltr'><strong>istam</strong></span> <span class='ocrx_word' id='word_1_137' title='bbox 833 1069 1068 1120; x_wconf 85' lang='lat' dir='ltr'><strong>diligentiam</strong></span> <span class='ocrx_word' id='word_1_138' title='bbox 1093 1078 1171 1104; x_wconf 91' lang='lat' dir='ltr'><strong>esse</strong></span> 
     </span>
     <span class='ocr_line' id='line_1_20' title="bbox 69 1134 511 1182; baseline -0.025 -5"><span class='ocrx_word' id='word_1_139' title='bbox 69 1134 387 1176; x_wconf 78' lang='lat' dir='ltr'><strong>accommodatam</strong></span> <span class='ocrx_word' id='word_1_140' title='bbox 406 1138 511 1182; x_wconf 85' lang='lat' dir='ltr'><strong>puto.</strong></span> 
     </span>
    </p>

    <p class='ocr_par' dir='ltr' id='par_1_4' title="bbox 72 1173 1178 1980">
     <span class='ocr_line' id='line_1_21' title="bbox 124 1173 1171 1237; baseline -0.019 -9"><span class='ocrx_word' id='word_1_141' title='bbox 124 1191 255 1235; x_wconf 80' lang='lat' dir='ltr'><strong>Recte,</strong></span> <span class='ocrx_word' id='word_1_142' title='bbox 281 1187 453 1237; x_wconf 84' lang='lat' dir='ltr'><strong>inquam,</strong></span> <span class='ocrx_word' id='word_1_143' title='bbox 481 1184 614 1228; x_wconf 88' lang='lat' dir='ltr'><strong>Brute,</strong></span> <span class='ocrx_word' id='word_1_144' title='bbox 646 1178 849 1229; x_wconf 86' lang='lat' dir='ltr'><strong>intelligis:</strong></span> <span class='ocrx_word' id='word_1_145' title='bbox 881 1183 994 1226; x_wconf 88' lang='lat' dir='ltr'><strong>atque</strong></span> <span class='ocrx_word' id='word_1_146' title='bbox 1023 1173 1171 1210; x_wconf 90' lang='lat' dir='ltr'><strong>utinam</strong></span> 
     </span>
     <span class='ocr_line' id='line_1_22' title="bbox 72 1229 1172 1285; baseline -0.019 -3"><span class='ocrx_word' id='word_1_147' title='bbox 72 1248 259 1282; x_wconf 86' lang='lat' dir='ltr'><strong>exstarent</strong></span> <span class='ocrx_word' id='word_1_148' title='bbox 272 1239 339 1277; x_wconf 85' lang='lat' dir='ltr'><strong>illa</strong></span> <span class='ocrx_word' id='word_1_149' title='bbox 354 1236 534 1281; x_wconf 86' lang='lat' dir='ltr'><strong>carmina,</strong></span> <span class='ocrx_word' id='word_1_150' title='bbox 551 1248 649 1285; x_wconf 87' lang='lat' dir='ltr'><strong>quae,</strong></span> <span class='ocrx_word' id='word_1_151' title='bbox 666 1232 796 1269; x_wconf 86' lang='lat' dir='ltr'><strong>multis</strong></span> <span class='ocrx_word' id='word_1_152' title='bbox 809 1229 951 1268; x_wconf 88' lang='lat' dir='ltr'><strong>saeculis</strong></span> <span class='ocrx_word' id='word_1_153' title='bbox 966 1233 1051 1265; x_wconf 88' lang='lat' dir='ltr'><strong>ante</strong></span> <span class='ocrx_word' id='word_1_154' title='bbox 1064 1237 1172 1263; x_wconf 90' lang='lat' dir='ltr'><strong>suam</strong></span> 
     </span>
     <span class='ocr_line' id='line_1_23' title="bbox 74 1277 1174 1342; baseline -0.019 -7"><span class='ocrx_word' id='word_1_155' title='bbox 74 1303 236 1341; x_wconf 86' lang='lat' dir='ltr'><strong>aetatem,</strong></span> <span class='ocrx_word' id='word_1_156' title='bbox 256 1294 296 1331; x_wconf 91' lang='lat' dir='ltr'><strong>in</strong></span> <span class='ocrx_word' id='word_1_157' title='bbox 315 1290 435 1342; x_wconf 85' lang='lat' dir='ltr'><strong>epulis</strong></span> <span class='ocrx_word' id='word_1_158' title='bbox 454 1301 530 1327; x_wconf 90' lang='lat' dir='ltr'><strong>esse</strong></span> <span class='ocrx_word' id='word_1_159' title='bbox 545 1287 721 1325; x_wconf 84' lang='lat' dir='ltr'><strong>cantitata</strong></span> <span class='ocrx_word' id='word_1_160' title='bbox 739 1298 761 1322; x_wconf 90' lang='lat' dir='ltr'><strong>a</strong></span> <span class='ocrx_word' id='word_1_161' title='bbox 775 1282 931 1333; x_wconf 83' lang='lat' dir='ltr'><strong>singulis</strong></span> <span class='ocrx_word' id='word_1_162' title='bbox 950 1279 1112 1318; x_wconf 87' lang='lat' dir='ltr'><strong>convivis</strong></span> <span class='ocrx_word' id='word_1_163' title='bbox 1127 1277 1174 1314; x_wconf 89' lang='lat' dir='ltr'><strong>de</strong></span> 
     </span>
     <span class='ocr_line' id='line_1_24' title="bbox 73 1331 1174 1388; baseline -0.019 0"><span class='ocrx_word' id='word_1_164' title='bbox 73 1351 258 1388; x_wconf 86' lang='lat' dir='ltr'><strong>clarorum</strong></span> <span class='ocrx_word' id='word_1_165' title='bbox 278 1346 443 1383; x_wconf 88' lang='lat' dir='ltr'><strong>virorum</strong></span> <span class='ocrx_word' id='word_1_166' title='bbox 460 1341 650 1387; x_wconf 73' lang='lat' dir='ltr'><strong>laudibus,</strong></span> <span class='ocrx_word' id='word_1_167' title='bbox 670 1339 710 1375; x_wconf 93' lang='lat' dir='ltr'><strong>in</strong></span> <span class='ocrx_word' id='word_1_168' title='bbox 739 1339 766 1358; x_wconf 70' lang='lat'><strong>‘⁴</strong></span> <span class='ocrx_word' id='word_1_169' title='bbox 783 1333 1031 1385; x_wconf 87' lang='lat' dir='ltr'><strong>Originibus&#39;’</strong></span> <span class='ocrx_word' id='word_1_170' title='bbox 1059 1331 1174 1380; x_wconf 87' lang='lat' dir='ltr'><strong>scrip-</strong></span> 
     </span>
     <span class='ocr_line' id='line_1_25' title="bbox 76 1384 1174 1450; baseline -0.019 -10"><span class='ocrx_word' id='word_1_171' title='bbox 76 1411 160 1440; x_wconf 89' lang='lat' dir='ltr'><strong>tum</strong></span> <span class='ocrx_word' id='word_1_172' title='bbox 179 1398 331 1450; x_wconf 90' lang='lat' dir='ltr'><strong>reliquit</strong></span> <span class='ocrx_word' id='word_1_173' title='bbox 349 1397 444 1434; x_wconf 85' lang='lat' dir='ltr'><strong>Cato</strong></span> <span class='ocrx_word' id='word_1_174' title='bbox 463 1395 471 1432; x_wconf 77' lang='grc' dir='ltr'><strong>ῑ</strong></span> <span class='ocrx_word' id='word_1_175' title='bbox 502 1394 652 1431; x_wconf 88' lang='lat' dir='ltr'><strong>Tamen</strong></span> <span class='ocrx_word' id='word_1_176' title='bbox 676 1391 791 1437; x_wconf 91' lang='lat' dir='ltr'><strong>illius,</strong></span> <span class='ocrx_word' id='word_1_177' title='bbox 819 1400 932 1439; x_wconf 91' lang='lat' dir='ltr'><strong>quem</strong></span> <span class='ocrx_word' id='word_1_178' title='bbox 960 1387 1000 1423; x_wconf 93' lang='lat' dir='ltr'><strong>in</strong></span> <span class='ocrx_word' id='word_1_179' title='bbox 1025 1384 1174 1422; x_wconf 89' lang='lat' dir='ltr'><strong>vatibus</strong></span> 
     </span>
     <span class='ocr_line' id='line_1_26' title="bbox 77 1435 1175 1494; baseline -0.02 0"><span class='ocrx_word' id='word_1_180' title='bbox 77 1463 114 1494; x_wconf 91' lang='lat' dir='ltr'><strong>et</strong></span> <span class='ocrx_word' id='word_1_181' title='bbox 132 1453 274 1492; x_wconf 84' lang='lat' dir='ltr'><strong>Faunis</strong></span> <span class='ocrx_word' id='word_1_182' title='bbox 293 1455 487 1489; x_wconf 88' lang='lat' dir='ltr'><strong>enumerat</strong></span> <span class='ocrx_word' id='word_1_183' title='bbox 505 1446 669 1492; x_wconf 89' lang='lat' dir='ltr'><strong>Ennius,</strong></span> <span class='ocrx_word' id='word_1_184' title='bbox 688 1443 832 1481; x_wconf 81' lang='lat' dir='ltr'><strong>bellum</strong></span> <span class='ocrx_word' id='word_1_185' title='bbox 847 1440 1050 1484; x_wconf 90' lang='lat' dir='ltr'><strong>Punicum,</strong></span> <span class='ocrx_word' id='word_1_186' title='bbox 1067 1435 1175 1487; x_wconf 87' lang='lat' dir='ltr'><strong>quasi</strong></span> 
     </span>
     <span class='ocr_line' id='line_1_27' title="bbox 83 1495 1177 1559; baseline -0.019 -13"><span class='ocrx_word' id='word_1_187' title='bbox 83 1506 258 1559; x_wconf 87' lang='lat' dir='ltr'><strong>Myronis</strong></span> <span class='ocrx_word' id='word_1_188' title='bbox 286 1516 394 1555; x_wconf 84' lang='lat' dir='ltr'><strong>opus,</strong></span> <span class='ocrx_word' id='word_1_189' title='bbox 423 1501 590 1538; x_wconf 87' lang='lat' dir='ltr'><strong>delectat.</strong></span> <span class='ocrx_word' id='word_1_190' title='bbox 638 1497 696 1536; x_wconf 90' lang='lat' dir='ltr'><strong>Sit</strong></span> <span class='ocrx_word' id='word_1_191' title='bbox 724 1495 886 1540; x_wconf 90' lang='lat' dir='ltr'><strong>Ennius,</strong></span> <span class='ocrx_word' id='word_1_192' title='bbox 921 1504 1022 1538; x_wconf 89' lang='lat' dir='ltr'><strong>sane,</strong></span> <span class='ocrx_word' id='word_1_193' title='bbox 1052 1497 1095 1527; x_wconf 88' lang='lat' dir='ltr'><strong>ut</strong></span> <span class='ocrx_word' id='word_1_194' title='bbox 1123 1495 1177 1526; x_wconf 85' lang='lat' dir='ltr'><strong>est</strong></span> 
     </span>
     <span class='ocr_line' id='line_1_28' title="bbox 82 1546 1177 1610; baseline -0.02 -10"><span class='ocrx_word' id='word_1_195' title='bbox 82 1568 193 1608; x_wconf 88' lang='lat' dir='ltr'><strong>certe,</strong></span> <span class='ocrx_word' id='word_1_196' title='bbox 220 1556 440 1610; x_wconf 88' lang='lat' dir='ltr'><strong>perfectior;</strong></span> <span class='ocrx_word' id='word_1_197' title='bbox 471 1553 536 1604; x_wconf 84' lang='lat' dir='ltr'><strong>qui</strong></span> <span class='ocrx_word' id='word_1_198' title='bbox 556 1552 587 1589; x_wconf 91' lang='lat' dir='ltr'><strong>si</strong></span> <span class='ocrx_word' id='word_1_199' title='bbox 610 1551 734 1595; x_wconf 87' lang='lat' dir='ltr'><strong>illum,</strong></span> <span class='ocrx_word' id='word_1_200' title='bbox 755 1556 798 1586; x_wconf 88' lang='lat' dir='ltr'><strong>ut</strong></span> <span class='ocrx_word' id='word_1_201' title='bbox 823 1546 989 1592; x_wconf 89' lang='lat' dir='ltr'><strong>simulat,</strong></span> <span class='ocrx_word' id='word_1_202' title='bbox 1010 1550 1177 1581; x_wconf 90' lang='lat' dir='ltr'><strong>contem-</strong></span> 
     </span>
     <span class='ocr_line' id='line_1_29' title="bbox 78 1594 1177 1661; baseline -0.02 -8"><span class='ocrx_word' id='word_1_203' title='bbox 78 1620 196 1661; x_wconf 86' lang='lat' dir='ltr'><strong>neret,</strong></span> <span class='ocrx_word' id='word_1_204' title='bbox 224 1623 315 1658; x_wconf 91' lang='lat' dir='ltr'><strong>non,</strong></span> <span class='ocrx_word' id='word_1_205' title='bbox 343 1608 471 1647; x_wconf 89' lang='lat' dir='ltr'><strong>omnia</strong></span> <span class='ocrx_word' id='word_1_206' title='bbox 496 1605 596 1643; x_wconf 83' lang='lat' dir='ltr'><strong>bella</strong></span> <span class='ocrx_word' id='word_1_207' title='bbox 620 1613 858 1655; x_wconf 87' lang='lat' dir='ltr'><strong>persequens,</strong></span> <span class='ocrx_word' id='word_1_208' title='bbox 884 1599 1052 1650; x_wconf 89' lang='lat' dir='ltr'><strong>primum</strong></span> <span class='ocrx_word' id='word_1_209' title='bbox 1080 1594 1177 1632; x_wconf 87' lang='lat' dir='ltr'><strong>illud</strong></span> 
     </span>
     <span class='ocr_line' id='line_1_30' title="bbox 82 1649 1176 1705; baseline -0.02 1"><span class='ocrx_word' id='word_1_210' title='bbox 82 1667 271 1705; x_wconf 88' lang='lat' dir='ltr'><strong>Punicum</strong></span> <span class='ocrx_word' id='word_1_211' title='bbox 300 1661 523 1701; x_wconf 89' lang='lat' dir='ltr'><strong>acerrimum</strong></span> <span class='ocrx_word' id='word_1_212' title='bbox 549 1658 694 1695; x_wconf 90' lang='lat' dir='ltr'><strong>bellum</strong></span> <span class='ocrx_word' id='word_1_213' title='bbox 721 1654 941 1705; x_wconf 79' lang='lat' dir='ltr'><strong>reliquisset.</strong></span> <span class='ocrx_word' id='word_1_214' title='bbox 991 1649 1065 1688; x_wconf 89' lang='lat' dir='ltr'><strong>Sed</strong></span> <span class='ocrx_word' id='word_1_215' title='bbox 1096 1649 1176 1698; x_wconf 91' lang='lat' dir='ltr'><strong>ipse</strong></span> 
     </span>
     <span class='ocr_line' id='line_1_31' title="bbox 76 1702 1176 1766; baseline -0.02 -7"><span class='ocrx_word' id='word_1_216' title='bbox 76 1721 179 1766; x_wconf 85' lang='lat' dir='ltr'><strong>dicit,</strong></span> <span class='ocrx_word' id='word_1_217' title='bbox 200 1731 266 1757; x_wconf 89' lang='lat' dir='ltr'><strong>cur</strong></span> <span class='ocrx_word' id='word_1_218' title='bbox 283 1717 323 1754; x_wconf 88' lang='lat' dir='ltr'><strong>id</strong></span> <span class='ocrx_word' id='word_1_219' title='bbox 340 1715 475 1754; x_wconf 84' lang='lat' dir='ltr'><strong>faciat:</strong></span> <span class='ocrx_word' id='word_1_220' title='bbox 507 1713 535 1735; x_wconf 75' lang='lat'><strong>‘⁶</strong></span> <span class='ocrx_word' id='word_1_221' title='bbox 556 1708 775 1761; x_wconf 71' lang='lat' dir='ltr'><strong>scripsere,”</strong></span> <span class='ocrx_word' id='word_1_222' title='bbox 795 1705 934 1757; x_wconf 91' lang='lat' dir='ltr'><strong>inquit,</strong></span> <span class='ocrx_word' id='word_1_223' title='bbox 964 1705 992 1725; x_wconf 80' lang='grc'>“</span> <span class='ocrx_word' id='word_1_224' title='bbox 1013 1702 1077 1740; x_wconf 86' lang='lat' dir='ltr'><strong>alii</strong></span> <span class='ocrx_word' id='word_1_225' title='bbox 1095 1713 1176 1738; x_wconf 89' lang='lat' dir='ltr'><strong>rem</strong></span> 
     </span>
     <span class='ocr_line' id='line_1_32' title="bbox 76 1754 1177 1813; baseline -0.021 -1"><span class='ocrx_word' id='word_1_226' title='bbox 76 1771 285 1812; x_wconf 84' lang='lat' dir='ltr'><strong>versibus”.</strong></span> <span class='ocrx_word' id='word_1_227' title='bbox 301 1798 310 1806; x_wconf 87' lang='lat'><strong>.</strong></span> <span class='ocrx_word' id='word_1_228' title='bbox 329 1798 337 1807; x_wconf 90' lang='lat'><em>.</em></span> <span class='ocrx_word' id='word_1_229' title='bbox 354 1799 360 1805; x_wconf 96' lang='lat'>.</span> <span class='ocrx_word' id='word_1_230' title='bbox 383 1775 420 1806; x_wconf 86' lang='lat' dir='ltr'><strong>et</strong></span> <span class='ocrx_word' id='word_1_231' title='bbox 437 1766 627 1804; x_wconf 82' lang='lat' dir='ltr'><strong>luculente</strong></span> <span class='ocrx_word' id='word_1_232' title='bbox 641 1761 795 1813; x_wconf 89' lang='lat' dir='ltr'><strong>quidem</strong></span> <span class='ocrx_word' id='word_1_233' title='bbox 807 1759 1045 1809; x_wconf 86' lang='lat' dir='ltr'><strong>scripserunt,</strong></span> <span class='ocrx_word' id='word_1_234' title='bbox 1063 1754 1177 1792; x_wconf 88' lang='lat' dir='ltr'><strong>etiam</strong></span> 
     </span>
     <span class='ocr_line' id='line_1_33' title="bbox 78 1805 1178 1874; baseline -0.021 -9"><span class='ocrx_word' id='word_1_235' title='bbox 78 1827 109 1865; x_wconf 87' lang='lat' dir='ltr'><strong>si</strong></span> <span class='ocrx_word' id='word_1_236' title='bbox 122 1826 263 1871; x_wconf 91' lang='lat' dir='ltr'><strong>minus,</strong></span> <span class='ocrx_word' id='word_1_237' title='bbox 284 1835 400 1874; x_wconf 90' lang='lat' dir='ltr'><strong>quam</strong></span> <span class='ocrx_word' id='word_1_238' title='bbox 419 1828 475 1866; x_wconf 91' lang='lat' dir='ltr'><strong>tu,</strong></span> <span class='ocrx_word' id='word_1_239' title='bbox 490 1817 616 1870; x_wconf 89' lang='lat' dir='ltr'><strong>polite.</strong></span> <span class='ocrx_word' id='word_1_240' title='bbox 648 1816 730 1853; x_wconf 91' lang='lat' dir='ltr'><strong>Nec</strong></span> <span class='ocrx_word' id='word_1_241' title='bbox 749 1825 834 1851; x_wconf 86' lang='lat' dir='ltr'><strong>vero</strong></span> <span class='ocrx_word' id='word_1_242' title='bbox 852 1811 921 1849; x_wconf 85' lang='lat' dir='ltr'><strong>tibi</strong></span> <span class='ocrx_word' id='word_1_243' title='bbox 936 1809 1043 1847; x_wconf 85' lang='lat' dir='ltr'><strong>aliter</strong></span> <span class='ocrx_word' id='word_1_244' title='bbox 1061 1805 1178 1844; x_wconf 82' lang='lat' dir='ltr'><strong>videri</strong></span> 
     </span>
     <span class='ocr_line' id='line_1_34' title="bbox 79 1859 1176 1928; baseline -0.021 -10"><span class='ocrx_word' id='word_1_245' title='bbox 79 1879 216 1923; x_wconf 81' lang='lat' dir='ltr'><strong>debet3</strong></span> <span class='ocrx_word' id='word_1_246' title='bbox 247 1877 313 1928; x_wconf 93' lang='lat' dir='ltr'><strong>qui</strong></span> <span class='ocrx_word' id='word_1_247' title='bbox 331 1888 355 1913; x_wconf 87' lang='lat' dir='ltr'><strong>a</strong></span> <span class='ocrx_word' id='word_1_248' title='bbox 378 1875 419 1913; x_wconf 86' lang='lat' dir='ltr'>N</span> <span class='ocrx_word' id='word_1_249' title='bbox 423 1873 514 1911; x_wconf 85' lang='lat' dir='ltr'><strong>aevio</strong></span> <span class='ocrx_word' id='word_1_250' title='bbox 539 1871 598 1908; x_wconf 78' lang='lat' dir='ltr'><strong>vel</strong></span> <span class='ocrx_word' id='word_1_251' title='bbox 623 1866 789 1907; x_wconf 89' lang='lat' dir='ltr'><strong>sumsisti</strong></span> <span class='ocrx_word' id='word_1_252' title='bbox 812 1865 948 1911; x_wconf 88' lang='lat' dir='ltr'><strong>multa,</strong></span> <span class='ocrx_word' id='word_1_253' title='bbox 969 1862 1000 1900; x_wconf 91' lang='lat' dir='ltr'><strong>si</strong></span> <span class='ocrx_word' id='word_1_254' title='bbox 1023 1859 1150 1898; x_wconf 85' lang='lat' dir='ltr'><strong>fateris</strong></span> <span class='ocrx_word' id='word_1_255' title='bbox 1165 1872 1176 1894; x_wconf 91' lang='lat'>:</span> 
     </span>
     <span class='ocr_line' id='line_1_35' title="bbox 76 1924 589 1980; baseline -0.021 -9"><span class='ocrx_word' id='word_1_256' title='bbox 76 1933 149 1978; x_wconf 92' lang='lat' dir='ltr'><strong>vel,</strong></span> <span class='ocrx_word' id='word_1_257' title='bbox 169 1931 200 1970; x_wconf 91' lang='lat' dir='ltr'><strong>si</strong></span> <span class='ocrx_word' id='word_1_258' title='bbox 218 1942 346 1980; x_wconf 88' lang='lat' dir='ltr'><strong>negas,</strong></span> <span class='ocrx_word' id='word_1_259' title='bbox 367 1924 589 1977; x_wconf 87' lang='lat' dir='ltr'><strong>surripuisti.</strong></span> 
     </span>
    </p>

    <p class='ocr_par' dir='ltr' id='par_1_5' title="bbox 78 1964 1182 2190">
     <span class='ocr_line' id='line_1_36' title="bbox 131 1964 1179 2028; baseline -0.022 -5"><span class='ocrx_word' id='word_1_260' title='bbox 131 1984 232 2022; x_wconf 90' lang='lat' dir='ltr'><strong>Cum</strong></span> <span class='ocrx_word' id='word_1_261' title='bbox 249 1983 321 2020; x_wconf 91' lang='lat' dir='ltr'><strong>hoc</strong></span> <span class='ocrx_word' id='word_1_262' title='bbox 340 1981 483 2019; x_wconf 84' lang='lat' dir='ltr'><strong>Catone</strong></span> <span class='ocrx_word' id='word_1_263' title='bbox 501 1975 715 2028; x_wconf 82' lang='lat' dir='ltr'><strong>grandiores</strong></span> <span class='ocrx_word' id='word_1_264' title='bbox 734 1979 825 2010; x_wconf 88' lang='lat' dir='ltr'><strong>natu</strong></span> <span class='ocrx_word' id='word_1_265' title='bbox 845 1970 1000 2008; x_wconf 88' lang='lat' dir='ltr'><strong>fuerunt</strong></span> <span class='ocrx_word' id='word_1_266' title='bbox 1022 1965 1066 2004; x_wconf 86' lang='lat' dir='ltr'><strong>C.</strong></span> <span class='ocrx_word' id='word_1_267' title='bbox 1088 1964 1179 2002; x_wconf 88' lang='lat' dir='ltr'><strong>Fla-</strong></span> 
     </span>
     <span class='ocr_line' id='line_1_37' title="bbox 78 2015 1178 2083; baseline -0.021 -7"><span class='ocrx_word' id='word_1_268' title='bbox 78 2037 232 2083; x_wconf 87' lang='lat' dir='ltr'><strong>minius,</strong></span> <span class='ocrx_word' id='word_1_269' title='bbox 263 2035 307 2073; x_wconf 88' lang='lat' dir='ltr'><strong>C.</strong></span> <span class='ocrx_word' id='word_1_270' title='bbox 335 2034 472 2080; x_wconf 87' lang='lat' dir='ltr'><strong>Varro,</strong></span> <span class='ocrx_word' id='word_1_271' title='bbox 501 2031 552 2078; x_wconf 88' lang='lat' dir='ltr'><strong>Q.</strong></span> <span class='ocrx_word' id='word_1_272' title='bbox 581 2028 794 2072; x_wconf 84' lang='lat' dir='ltr'><strong>Maximus,</strong></span> <span class='ocrx_word' id='word_1_273' title='bbox 823 2023 873 2070; x_wconf 86' lang='lat' dir='ltr'><strong>Q.</strong></span> <span class='ocrx_word' id='word_1_274' title='bbox 905 2019 1101 2064; x_wconf 88' lang='lat' dir='ltr'><strong>Metellus,</strong></span> <span class='ocrx_word' id='word_1_275' title='bbox 1131 2015 1178 2054; x_wconf 86' lang='lat' dir='ltr'><strong>P.</strong></span> 
     </span>
     <span class='ocr_line' id='line_1_38' title="bbox 82 2071 1180 2134; baseline -0.022 -5"><span class='ocrx_word' id='word_1_276' title='bbox 82 2090 284 2134; x_wconf 80' lang='lat' dir='ltr'><strong>Lentulus,</strong></span> <span class='ocrx_word' id='word_1_277' title='bbox 310 2087 356 2125; x_wconf 90' lang='lat' dir='ltr'><strong>P.</strong></span> <span class='ocrx_word' id='word_1_278' title='bbox 377 2086 548 2130; x_wconf 85' lang='lat' dir='ltr'><strong>Crassus,</strong></span> <span class='ocrx_word' id='word_1_279' title='bbox 577 2082 643 2133; x_wconf 91' lang='lat' dir='ltr'><strong>qui</strong></span> <span class='ocrx_word' id='word_1_280' title='bbox 668 2092 756 2119; x_wconf 90' lang='lat' dir='ltr'><strong>cum</strong></span> <span class='ocrx_word' id='word_1_281' title='bbox 783 2075 973 2127; x_wconf 88' lang='lat' dir='ltr'><strong>superiore</strong></span> <span class='ocrx_word' id='word_1_282' title='bbox 997 2071 1180 2109; x_wconf 83' lang='lat' dir='ltr'><strong>Africano</strong></span> 
     </span>
     <span class='ocr_line' id='line_1_39' title="bbox 81 2122 1182 2190; baseline -0.02 -9"><span class='ocrx_word' id='word_1_283' title='bbox 81 2143 211 2181; x_wconf 90' lang='lat' dir='ltr'><strong>consul</strong></span> <span class='ocrx_word' id='word_1_284' title='bbox 229 2141 314 2179; x_wconf 69' lang='lat' dir='ltr'><strong>fuit,</strong></span> <span class='ocrx_word' id='word_1_285' title='bbox 343 2140 478 2190; x_wconf 78' lang='lat' dir='ltr'><strong>Ipsum</strong></span> <span class='ocrx_word' id='word_1_286' title='bbox 497 2137 712 2187; x_wconf 85' lang='lat' dir='ltr'><strong>Scipionem</strong></span> <span class='ocrx_word' id='word_1_287' title='bbox 732 2129 944 2180; x_wconf 85' lang='lat' dir='ltr'><strong>accepimus</strong></span> <span class='ocrx_word' id='word_1_288' title='bbox 962 2137 1039 2165; x_wconf 88' lang='lat' dir='ltr'><strong>non</strong></span> <span class='ocrx_word' id='word_1_289' title='bbox 1058 2122 1182 2162; x_wconf 84' lang='lat' dir='ltr'><strong>infan-</strong></span> 
     </span>
    </p>

    <p class='ocr_par' dir='ltr' id='par_1_6' title="bbox 133 2185 861 2241">
     <span class='ocr_line' id='line_1_40' title="bbox 133 2185 861 2241; baseline -0.022 -5"><span class='ocrx_word' id='word_1_290' title='bbox 133 2197 327 2241; x_wconf 73' lang='lat' dir='ltr'><strong>(Rhetor.)</strong></span> <span class='ocrx_word' id='word_1_291' title='bbox 350 2202 450 2230; x_wconf 71' lang='lat' dir='ltr'><strong>vol„</strong></span> <span class='ocrx_word' id='word_1_292' title='bbox 472 2202 498 2227; x_wconf 79' lang='grc' dir='ltr'><strong>ι.</strong></span> <span class='ocrx_word' id='word_1_293' title='bbox 794 2185 817 2220; x_wconf 77' lang='grc'>2</span> <span class='ocrx_word' id='word_1_294' title='bbox 836 2193 861 2221; x_wconf 81' lang='grc' dir='ltr'><strong>Κ</strong></span> 
     </span>
    </p>
   </div>
  </div>
 </body>
</html>
