1429 2344
196 63 276 103 320
320 60 398 101 DE
427 56 721 107 ORATORE,
751 56 850 97 Lm.
871 56 955 98 ΙΙΙ.
983 57 1089 99 CAP.
1108 59 1173 100 29.

203 169 391 217 obtinent,
417 174 530 218 atque
554 165 722 217 idipsum
746 164 896 203 lacinia.
935 164 977 203 N
979 177 1054 204 unc
1080 165 1184 204 enim
1207 167 1314 218 apud

206 224 427 269 Philonem,
443 232 558 270 quem
575 218 617 256 in
634 217 848 257 Academia
863 218 1032 257 maxime
1044 218 1168 270 vigere
1181 220 1311 270 audio,

208 277 324 316 etiam
347 275 486 319 harum
507 273 590 323 jam
617 284 817 311 causarum
841 271 1003 322 cognitio
1022 273 1314 325 exercitatioque

208 331 430 370 celebratur.
457 327 640 365 Alterum
658 338 745 364 vero
759 325 1023 364 tantummodo
1039 326 1080 364 in
1093 326 1219 377 prima
1233 334 1313 366 arte

209 382 394 422 tradenda
411 378 625 429 nominant,
645 385 682 417 et
705 379 860 418 oratoris
878 391 956 417 esse
973 379 1127 418 dicunt:
1157 380 1223 418 sed
1246 392 1313 418 ne-

212 450 289 488 que
313 436 392 474 vim
413 447 538 486 neque
555 440 732 471 naturam
751 433 845 482 ejus,
865 445 933 470 nec
950 440 1074 484 partes
1091 446 1160 471 nec
1179 446 1317 484 genera

209 496 451 543 proponunt3
481 494 525 525 ut
542 486 724 538 praeteriri
741 487 895 524 omnino
913 485 1026 524 fuerit
1044 486 1172 535 satius,
1197 500 1315 538 quam

207 550 436 583 attentatum
453 541 595 579 deseri:
625 552 727 577 nunc
739 540 840 577 enim
858 539 988 591 inopia
1004 540 1156 579 reticere
1173 540 1314 579 inteni-

212 604 381 650 guntur;
411 603 495 637 tum
511 593 653 643 judicio
672 593 898 631 viderentur.

267 649 430 689 XXIX.
459 648 599 686 Omnis
612 646 728 698 igitur
744 660 802 685 res
821 646 992 685 eamdem
1008 645 1124 685 habet
1140 654 1317 687 naturam

213 702 447 754 ambigendi,
467 702 514 739 de
532 701 610 752 qua
627 700 746 751 quaeri
765 708 801 739 et
819 700 1016 752 disceptari
1033 707 1168 751 potest,
1181 701 1259 739 sive
1276 701 1317 740 in

211 757 370 797 infinitis
387 754 722 795 consultationibus
733 754 973 805 disceptatur,
989 754 1065 792 sive
1079 754 1119 791 in
1133 754 1178 792 iis
1196 756 1317 794 causis

214 824 303 863 quae
321 811 361 848 in
380 809 527 848 civitate
545 815 582 847 et
599 808 640 845 in
658 807 796 845 forensi
814 807 1079 859 disceptatione
1093 815 1287 846 versantur
1304 823 1315 847 =

213 877 339 916 neque
366 870 421 902 est
444 863 537 910 ulia,
565 875 651 913 quae
674 873 752 899 non
771 869 838 900 aut
855 861 904 899 ad
922 861 1167 912 cognoscendi
1185 869 1252 900 aut
1269 862 1319 900 ad

212 917 352 969 agendi
379 917 459 956 vim
482 915 744 965 rationemque
771 915 963 953 referatur.
1004 915 1111 953 Nam
1143 922 1209 953 aut
1235 916 1318 967 ipsa

212 971 377 1022 cognitio
395 970 449 1008 rei
473 969 701 1019 scientiaque
722 969 979 1020 perquiritur;
1008 975 1066 1017 ut,
1094 968 1228 1007 Virtus
1252 983 1316 1008 sun

212 1037 326 1064 amne
343 1030 495 1075 propter
513 1022 751 1073 dignitatem,
767 1035 816 1059 an
830 1029 982 1073 propter
995 1021 1140 1060 fructus
1154 1022 1315 1073 aliquos,

213 1079 443 1129 expetatur?
472 1082 539 1114 aut
556 1075 692 1126 agendi
710 1076 909 1113 consilium
928 1075 1152 1126 exquiritur,
1166 1084 1223 1123 ut,
1240 1077 1317 1115 Sit-

213 1144 264 1170 ne
287 1130 448 1182 sapienti
474 1128 699 1180 capessenda
723 1129 966 1180 respublica?
996 1128 1231 1179 Cognitionis
1249 1143 1317 1168 au-

215 1192 295 1224 tem
313 1192 387 1222 tres
404 1183 523 1230 modi,
543 1183 768 1231 conjectura,
789 1182 970 1230 definitio,
987 1189 1023 1219 et
1037 1186 1097 1225 (ut
1111 1182 1164 1220 ita
1175 1183 1317 1232 dicam)

215 1237 440 1278 consecutio.
468 1237 589 1284 Nam,
609 1235 702 1287 quid
713 1235 753 1272 in
764 1249 804 1273 re
818 1235 879 1284 sit,
895 1235 1108 1284 conjectura
1121 1237 1317 1286 quaeritur,

215 1299 261 1331 ut
278 1291 389 1339 illud,
410 1290 515 1331 Sitne
533 1289 574 1327 in
591 1289 760 1326 humano
778 1301 912 1339 genere
931 1288 1112 1339 sapientia
1128 1291 1145 1327 ?
1185 1289 1318 1337 Quam

215 1352 346 1384 autem
364 1344 443 1383 vim
462 1355 624 1395 quaeque
640 1355 697 1380 res
708 1342 858 1390 habeat,
872 1342 1040 1380 definitio
1052 1342 1239 1393 explicat3
1260 1351 1318 1394 ut,

214 1399 248 1438 si
273 1405 476 1450 quaeratur,
496 1396 604 1443 Quid
622 1396 670 1434 sit
687 1395 870 1446 sapientia
885 1397 903 1434 Ρ
949 1395 1172 1434 Consecutio
1190 1404 1320 1436 autem

214 1459 409 1500 tractatur,
429 1464 532 1498 cum,
553 1449 646 1501 quid
670 1462 863 1500 quamque
880 1462 961 1487 rem
980 1456 1171 1500 sequatur,
1191 1450 1319 1502 inqui..

217 1507 338 1549 ritum
367 1512 412 1542 ut
428 1504 539 1551 illud,
560 1503 666 1542 Sitne
690 1503 894 1554 aliquando
911 1502 1064 1541 mentiri
1081 1503 1172 1541 boni
1190 1505 1260 1542 viri
1272 1507 1290 1544 Ρ

272 1558 452 1598 Redeunt
467 1570 597 1596 rursus
615 1556 664 1594 ad
681 1557 948 1606 conjecturam,
974 1569 1134 1608 eamque
1160 1557 1200 1595 in
1225 1571 1321 1609 qua-

219 1617 307 1652 tuor
323 1624 460 1663 genera
483 1610 731 1662 dispertiunt:
761 1622 852 1648 nam
876 1617 956 1659 aut,
983 1610 1076 1662 quid
1097 1611 1159 1659 sit,
1184 1612 1322 1662 quaeri-

218 1672 296 1713 tur,
316 1666 389 1703 hoc
405 1664 543 1703 modo:
574 1663 774 1702 Naturane
793 1663 840 1701 sit
863 1664 926 1712 jus
943 1664 1041 1702 inter
1063 1663 1248 1712 homines,
1269 1677 1319 1703 an

218 1718 459 1772 opinionibus
472 1720 490 1756 Ρ
518 1724 597 1765 aut,
627 1730 713 1767 quae
737 1716 785 1754 sit
810 1717 915 1767 origo
940 1718 1122 1767 cujusque
1143 1718 1230 1757 rei?
1258 1727 1317 1767 ut,

219 1773 339 1822 Quod
370 1772 418 1810 sit
447 1770 600 1809 initium
631 1771 775 1820 legum,
799 1777 866 1808 aut
889 1783 1016 1808 rerum
1043 1771 1283 1821 publicarum
1299 1775 1319 1811 ?

220 1835 288 1867 aut
306 1839 431 1873 causa,
451 1831 488 1863 et
505 1824 624 1870 rati03
653 1830 711 1870 ut,
731 1823 762 1860 si
787 1830 989 1874 quaeratur,
1016 1823 1096 1862 Cur
1113 1824 1319 1864 doctissimi

220 1881 394 1920 homines
412 1879 458 1916 de
475 1877 652 1914 maximis
670 1879 780 1914 rebus
799 1877 1048 1916 dissentiant?
1077 1885 1143 1915 aut
1168 1878 1216 1916 de
1243 1879 1318 1917 im-

221 1934 431 1974 mutatione
446 1946 457 1970 :
486 1938 543 1978 ut,
563 1931 594 1968 si
612 1930 836 1980 disputetur,
857 1930 966 1968 Num
980 1931 1131 1969 interire
1144 1931 1262 1971 virtus
1276 1933 1318 1971 in

219 1989 386 2034 homine,
407 1993 473 2024 aut
489 1997 584 2022 num
602 1984 642 2021 in
661 1983 796 2022 vitium
814 1984 930 2034 possit
947 1984 1143 2023 converti?

273 2039 516 2081 Definitionis
542 2044 669 2075 autem
696 2043 785 2075 sunt
810 2037 1107 2088 disceptationes,
1136 2045 1203 2077 aut
1228 2052 1318 2078 cum

219 2096 415 2150 quaeritur,
435 2091 529 2144 quid
545 2091 586 2130 in
604 2090 798 2129 communi
815 2099 942 2129 mente
960 2092 1068 2143 quasi
1091 2093 1318 2144 impressum

219 2154 296 2198 sit3
325 2156 383 2199 ut,
409 2146 439 2186 si
467 2146 681 2196 disseratur,
710 2144 807 2184 Idne
835 2144 883 2184 sit
906 2146 983 2195 jus,
1010 2146 1115 2198 quod
1141 2147 1320 2187 maximae
