1429 2344
212 61 292 99 326
337 59 415 100 DE
444 59 742 109 ORATORE,
772 60 871 98 Lm.
894 59 978 99 ΙΙΙ.
1007 59 1113 99 CAP.
1133 57 1200 98 34.

210 170 314 208 bant.
358 168 467 216 Quid
488 168 592 207 enim
622 167 683 206 M.
705 168 856 215 Catoni,
877 176 1012 220 praeter
1029 167 1129 206 hanc
1146 166 1327 219 politissi-

213 236 320 261 mam
349 223 560 261 doctrinam
592 223 883 260 transmarinam
915 230 1030 273 atque
1059 220 1326 268 adventiciam,

210 277 365 315 defuit?
394 289 504 324 num,
531 276 622 328 quia
644 277 708 325 jus
735 277 844 314 civile
869 276 1062 325 didicerat,
1091 288 1221 314 causas
1248 286 1326 312 non

211 331 389 368 dicebat?
427 338 507 377 aut,
542 330 632 382 quia
659 338 806 381 poterat
835 330 970 378 dicere,
1001 329 1097 380 juris
1130 329 1327 367 scientiam

209 385 426 435 negligebat
441 387 458 422 ,⁹
492 391 530 421 at
558 392 722 435 utroque
752 384 792 421 in
821 397 957 435 genere
989 391 1026 422 et
1053 382 1253 429 laboravit,
1285 388 1324 420 et

210 438 396 489 praestitit.
426 438 551 486 Num,
571 446 724 489 propter
742 438 841 476 hanc
855 451 902 475 ex
916 437 1151 489 privatorum
1162 435 1325 487 negotiis

210 493 406 530 collectam
431 492 607 542 gratiam,
639 492 779 529 tardior
807 491 848 529 in
876 491 1071 542 republica
1097 489 1325 545 capessenda

209 545 314 584 fuit?
343 558 456 584 nemo
475 545 578 596 apud
596 546 785 606 populum
803 545 948 593 fortior,
969 557 1082 583 nemo
1107 542 1242 582 melior
1267 557 1326 582 se-

210 606 346 637 nator:
376 599 478 637 idem
493 599 601 637 facile
613 600 781 650 optimus
791 599 1018 650 imperator.
1050 598 1214 650 denique
1227 597 1326 635 nihil

211 653 253 690 in
271 653 342 691 hac
367 653 517 691 civitate
541 654 777 704 temporibus
803 654 879 691 11113
908 653 993 691 sciri
1020 652 1158 690 discive
1185 651 1324 703 potuit,

212 707 316 758 quod
333 707 398 745 ille
416 720 494 745 non
513 720 602 745 cum
619 707 857 758 investigarit
878 714 915 745 et
937 706 1073 756 scierit,
1098 714 1183 744 tum
1209 705 1327 744 etiam

214 761 486 812 conscripserit.

265 816 397 863 Nunc,
427 822 571 862 contra,
592 815 765 867 plerique
790 814 839 852 ad
863 815 1024 853 honores
1049 813 1327 865 adipiscendos,

211 875 248 907 et
275 869 324 907 ad
350 870 628 920 rempublicam
656 869 876 920 gerendam,
904 868 1000 906 nudi
1027 869 1186 907 veniunt
1210 875 1328 919 atque

210 923 373 961 inermes
390 937 405 969 ;
432 923 541 960 nulla
567 923 779 973 cognitione
801 936 945 970 rerum,
965 923 1075 960 nulla
1093 922 1248 960 scientia
1265 935 1330 960 or-

210 977 302 1015 nati.
332 977 400 1015 Sin
419 977 556 1027 aliquis
576 977 727 1014 excellit
745 989 845 1014 unus
865 991 886 1014 e
902 976 1036 1013 multis
1052 990 1064 1022 3
1095 976 1202 1014 effert
1220 989 1272 1024 se,
1294 976 1326 1014 si

208 1044 333 1068 unum
352 1030 498 1081 aliquid
516 1030 636 1077 affert,
654 1037 697 1067 ut
715 1030 892 1067 bellicam
911 1029 1105 1077 virtutem,
1126 1037 1193 1067 aut
1210 1043 1326 1068 usum

209 1085 378 1135 aliquem
397 1084 602 1121 militarem
623 1086 728 1134 (quae
741 1096 830 1121 sane
844 1095 947 1121 nunc
962 1083 1119 1134 quidem
1133 1084 1327 1122 obsoleve-

207 1145 330 1185 runt),
351 1144 419 1175 aut
437 1137 533 1186 juris
557 1137 766 1185 scientiam,
794 1150 843 1175 ne
869 1138 950 1186 ejus
976 1137 1132 1188 quidem
1158 1138 1326 1176 universi

208 1194 316 1235 (nam
331 1191 584 1242 pontificium,
601 1191 705 1242 quod
716 1198 770 1229 est
782 1192 864 1239 conj
870 1198 1045 1239 unctum,
1059 1204 1172 1230 nemo
1183 1192 1324 1240 discit),

206 1252 274 1283 aut
300 1245 570 1296 eloquentiam,
593 1258 710 1295 quam
737 1245 777 1282 in
803 1245 967 1283 clamore
995 1252 1032 1283 et
1056 1245 1096 1283 in
1121 1248 1327 1284 verborum

206 1312 319 1337 cursu
346 1299 511 1349 positam
539 1305 702 1349 putant:
731 1299 907 1336 omnium
935 1311 1022 1337 vero
1050 1300 1239 1338 bonarum
1264 1313 1328 1338 ar-

204 1353 318 1401 tium,
334 1353 498 1404 denique
510 1353 697 1390 virtutum
711 1352 895 1404 ipsarum,
906 1353 1120 1392 societatem
1132 1354 1326 1405 cognatio-

205 1419 372 1458 nemque
390 1419 467 1444 non
486 1408 639 1444 norunt.

257 1460 462 1499 XXXIV.
500 1460 588 1509 Sed,
610 1468 654 1498 ut
672 1460 721 1498 ad
741 1460 894 1499 Graecos
913 1461 1075 1499 referam
1094 1461 1321 1511 orationem,

205 1515 362 1566 (quibus
389 1527 513 1552 carere
539 1515 579 1552 in
606 1514 678 1553 hoc
703 1515 861 1566 quidem
885 1515 1067 1553 sermonis
1089 1529 1226 1566 genere
1243 1529 1322 1555 non

201 1581 434 1620 possumus3
463 1581 554 1606 nam
580 1575 624 1605 ut
650 1569 800 1607 virtutis
828 1583 852 1606 a
878 1569 1029 1618 nostris,
1059 1570 1111 1608 sic
1139 1570 1322 1609 doctrinae

200 1629 290 1661 sunt
318 1624 366 1659 ab
393 1622 482 1670 illis,
504 1623 682 1673 exempla
706 1623 927 1673 repetenda)
947 1630 1092 1675 septem
1116 1623 1233 1663 fuisse
1261 1625 1321 1662 di-

198 1683 338 1715 cuntur
355 1688 433 1713 uno
452 1683 635 1726 tempore,
657 1676 725 1727 qui
750 1677 937 1727 sapientes
963 1685 1000 1715 et
1024 1677 1255 1716 haberentur
1281 1686 1318 1717 et

198 1737 433 1769 vocarentur.
483 1730 541 1767 Hi
570 1742 715 1778 omnes,
750 1737 886 1781 praeter
917 1731 1118 1769 Milesium
1148 1731 1316 1780 Thalen,

199 1784 414 1822 civitatibus
433 1783 510 1821 suis
528 1783 775 1834 praefuerunt.
807 1783 906 1830 Quis
925 1784 1068 1823 doctior
1085 1784 1221 1823 iisdem
1240 1786 1317 1825 illis

196 1837 445 1888 temporibus,
474 1844 542 1874 aut
573 1838 682 1886 cujus
710 1838 926 1888 eloquentia
952 1838 1070 1877 literis
1097 1839 1316 1878 instructior

192 1891 310 1930 fuisse
328 1890 502 1938 traditur,
524 1904 643 1942 quam
658 1891 882 1929 Pisistrati?
911 1892 978 1943 qui
989 1892 1137 1942 primus
1150 1892 1317 1932 Homeri

191 1946 322 1992 libros,
344 1945 518 1983 confusos
536 1952 661 1991 antea,
678 1945 730 1983 sic
744 1945 970 1996 disposuisse
982 1945 1134 2007 dicitur,
1151 1954 1196 1985 ut
1210 1960 1317 1986 nunc

190 2000 390 2039 habemus.
438 1999 531 2036 Non
549 1998 624 2036 fuit
642 1999 708 2037 ille
727 1999 884 2050 quidem
903 2000 1048 2038 civibus
1073 2000 1151 2038 suis
1179 2002 1314 2048 utilis;

190 2053 257 2092 sed
273 2053 328 2090 ita
347 2052 563 2104 eloquentia
580 2052 722 2099 floruit,
749 2060 793 2091 ut
810 2053 930 2091 literis
949 2053 1198 2121 doctrinaque
1215 2068 1317 2106 prae-

190 2114 315 2145 staret.
346 2106 454 2155 Quid
473 2106 659 2145 Pericles
651 2108 668 2133 ⁹
697 2081 744 2144 de
762 2108 872 2156 cujus
891 2107 1043 2146 dicendi
1062 2108 1172 2159 copia
1186 2109 1238 2147 sic
1250 2122 1313 2147 ac-

185 2161 369 2213 cepimus,
397 2168 454 2209 ut,
482 2173 571 2199 cum
599 2168 729 2200 contra
754 2162 991 2201 voluntatem
1010 2161 1315 2202 Atheniensium
