1429 2344
170 27 250 67 302
304 28 382 69 DE
412 30 709 86 ORATORE,
739 35 839 75 Lm.
860 36 943 77 111.
972 38 1077 80 CAP.
1101 41 1163 83 13.

171 137 318 187 generis
342 138 522 191 urbisque
546 142 713 193 propria,
737 143 779 182 in
804 144 883 197 qu'a
900 146 996 186 nihil
1014 147 1168 199 offendi,
1188 150 1286 191 nihil

170 190 380 241 displicere,
406 193 504 232 nihil
527 195 778 235 animadverti
802 200 932 250 possit,
952 201 1050 240 nihil
1072 215 1204 244 sonare
1221 214 1289 245 aut

170 244 271 282 olere
302 247 571 297 peregrinum;
610 249 709 289 hanc
737 265 967 303 sequamur3
1006 268 1130 308 neque
1161 259 1287 298 solum

172 298 351 337 rusticam
370 301 626 351 asperitatem,
647 304 712 342 sed
730 305 844 344 etiam
866 309 1104 360 peregrinam
1122 312 1287 351 insolen-

172 350 281 400 tiam,
301 352 433 404 fugere
451 354 651 394 discamus.
680 358 888 409 Equidem,
905 374 995 400 cum
1009 364 1122 403 audio
1136 379 1288 406 socrum

173 417 301 443 meam
321 407 483 446 Laeliam
508 409 672 453 (facilius
699 413 802 450 enim
827 415 1005 454 mulieres
1027 417 1287 471 incorruptam

174 458 442 510 antiquitatem
468 471 701 513 conservant,
726 466 843 517 quod,
867 470 1078 509 multorum
1106 474 1288 512 sermonis

175 520 360 563 expertes,
382 527 426 552 ea
443 522 572 554 tenent
590 531 751 570 semper,
772 533 860 571 quae
883 522 1008 573 prima
1029 524 1286 575 didicerunt);

175 566 240 603 sed
268 579 352 604 eam
380 568 432 606 sic
459 571 586 618 audio,
615 579 660 609 ut
687 573 873 613 Plautum
897 576 993 614 mihi
1015 586 1082 616 aut
1104 579 1288 620 Naevium

175 619 304 657 videar
328 622 482 661 audire:
517 637 608 662 sono
635 626 717 676 ipso
743 628 844 666 vocis
868 628 923 667 ita
944 637 1044 676 recto
1067 639 1104 670 et
1125 634 1290 686 simplici

175 680 243 720 est,
269 680 314 711 ut
338 675 435 713 nihil
460 678 720 718 ostentationis
745 688 812 719 aut
836 682 1058 724 imitationis
1083 686 1214 726 afferre
1233 688 1290 727 vi-

174 725 331 765 deatur:
363 741 410 767 ex
429 743 506 781 quo
525 732 577 770 sic
594 733 767 772 locutum
786 748 863 774 esse
881 738 962 786 ejus
980 746 1128 789 patrem
1143 742 1288 792 judico,

174 780 227 818 sic
252 782 443 831 majores3
482 796 560 823 non
589 799 732 838 aspere,
763 796 808 827 ut
835 789 913 839 ille,
943 805 1060 843 quem
1087 793 1181 843 dixi,
1211 808 1290 836 non

174 842 291 883 vaste,
311 848 389 874 non
407 838 557 888 rustice,
577 851 654 878 non
672 841 812 890 hiulce,
833 843 898 881 sed
915 858 1053 895 presse,
1069 854 1107 885 et
1121 850 1290 900 aequabi-

172 887 271 937 liter,
303 896 339 926 et
365 890 511 929 leniter.
551 892 682 940 Quare
710 895 823 933 Cotta
847 906 987 948 noster,
1016 901 1126 950 cujus
1152 910 1195 940 tu
1221 903 1292 943 illa

171 940 263 989 lata,
285 943 444 994 Sulpici,
469 957 746 998 nonnunquam
771 949 945 1001 imitaris,
971 960 1016 991 ut
1039 955 1118 993 iota
1139 956 1289 996 literam

171 995 296 1044 tollas,
317 1003 354 1034 et
373 998 415 1034 E
431 998 695 1049 plenissimum
714 1002 829 1051 dicas,
845 1016 922 1042 non
936 1007 1033 1045 mihi
1045 1016 1208 1049 oratores
1222 1024 1292 1050 an-

172 1048 313 1100 tiquos,
334 1051 399 1088 sed
417 1064 612 1102 messores,
632 1055 782 1094 videtur
799 1057 953 1097 imitari.

228 1102 309 1142 Hic
328 1117 416 1142 cum
435 1106 616 1145 arrisisset
634 1108 714 1160 ipse
733 1110 938 1162 Sulpicius,
959 1113 1022 1153 Sic
1036 1129 1149 1167 agam
1163 1118 1291 1158 vobis-

173 1167 277 1204 cum,
296 1157 424 1209 inquit
443 1158 614 1207 Crassus,
635 1170 693 1211 ut,
709 1165 891 1214 quoniam
904 1179 968 1205 me
981 1168 1088 1220 loqui
1102 1171 1289 1222 voluistis,
1305 1210 1307 1213 ,

174 1209 321 1260 aliquid.
346 1211 393 1250 de
421 1214 551 1252 vestris
578 1215 678 1254 vitiis
703 1217 876 1256 audiatis.
916 1221 1080 1261 Utinam
1102 1224 1287 1275 quidem!

172 1261 299 1314 inquit
317 1264 403 1303 ine:
426 1265 467 1303 id
485 1268 587 1305 enim
601 1269 729 1320 ipsum
743 1272 942 1320 volumus3
966 1275 1083 1328 idque
1097 1278 1129 1316 si
1143 1278 1289 1330 feceris,

174 1318 299 1355 multa
314 1320 375 1361 (ut
389 1320 565 1369 arbitror)
579 1322 644 1361 hic
657 1323 770 1362 hodie
783 1325 875 1364 vitia
887 1340 1086 1378 ponemus.
1114 1331 1174 1370 At
1187 1334 1291 1374 enim

175 1382 252 1408 non
272 1371 352 1410 sine
370 1384 455 1411 meo
473 1375 654 1426 periculo,
677 1377 833 1417 Crassus
851 1380 991 1432 inquit,
1010 1396 1182 1435 possum,
1202 1388 1294 1426 Sul-

174 1424 264 1475 pici,
285 1431 323 1463 te
341 1427 624 1479 reprehendere,
645 1432 828 1482 quoniam
845 1434 1042 1475 Antonius
1065 1439 1162 1477 mihi
1185 1446 1222 1479 te
1241 1441 1293 1480 si-

175 1478 386 1517 millimum
405 1480 502 1520 dixit
520 1483 592 1522 sibi
613 1484 744 1523 videri.
777 1486 887 1526 Tum
907 1489 986 1538 ille,
1010 1489 1139 1540 [Tum
1164 1495 1289 1548 quod]

174 1532 326 1570 monuit
344 1533 460 1583 idem,
480 1543 525 1574 ut
543 1550 599 1586 ea,
620 1551 709 1590 quae
726 1539 767 1577 in
786 1553 939 1594 quoque
955 1546 1128 1584 maxima
1152 1556 1289 1598 essent,

174 1583 436 1626 imitaremur:
473 1602 519 1627 ex
549 1604 626 1642 quo
655 1605 796 1643 vereor,
825 1608 874 1634 ne
901 1597 998 1636 nihil
1025 1599 1097 1637 sim
1120 1601 1191 1649 tui,
1215 1603 1291 1642 nisi

174 1640 457 1689 supplosionem
469 1643 588 1693 pedis,
597 1645 781 1697 imitatus,
791 1656 828 1686 et
838 1663 960 1700 pauca
971 1653 1147 1703 quaedam
1160 1657 1289 1706 verba,

174 1699 212 1729 et
231 1693 413 1744 aliquem,
434 1695 465 1732 si
483 1696 591 1745 forte,
610 1707 773 1739 motum.
802 1702 908 1754 Ergo
925 1704 1012 1755 ista,
1032 1707 1157 1759 inquit
1177 1708 1291 1747 Cras-

175 1758 252 1793 sus,
274 1760 361 1798 quae
378 1748 495 1787 habes
514 1763 537 1788 a
554 1764 630 1800 me,
651 1766 728 1792 non
752 1757 1000 1808 reprehendo,
1027 1772 1076 1798 ne
1097 1761 1290 1814 meipsum

174 1798 377 1839 irrideam:
409 1809 498 1840 sunt
522 1812 651 1844 autem
675 1820 762 1846 mea
785 1810 910 1849 multo
935 1819 972 1850 et
994 1813 1121 1864 plura,
1145 1822 1183 1853 et
1208 1829 1292 1855 ma-

172 1853 270 1902 jora,
302 1868 420 1905 quam
448 1856 565 1896 dicis:
602 1873 687 1910 quae
713 1869 843 1901 autem
870 1872 960 1903 sunt
981 1875 1049 1905 aut
1070 1874 1138 1906 tua
1160 1870 1290 1920 plane,

176 1914 244 1944 aut
262 1907 473 1948 imitatione
492 1923 540 1949 ex
558 1912 686 1964 aliquo
704 1928 893 1967 expressa,
914 1918 962 1958 de
974 1919 1020 1959 iis
1034 1927 1086 1972 te,
1101 1921 1133 1961 si
1147 1923 1215 1975 qui
1228 1937 1295 1964 me

177 1960 273 1999 forte
290 1962 396 2001 locus
414 1963 665 2018 admonuerit,
686 1973 947 2012 commonebo.

229 2014 355 2054 XIII.
395 2017 669 2060 Praetereamus
698 2023 815 2075 igitur
846 2033 1034 2079 praecepta
1063 2028 1203 2069 Latine
1233 2031 1291 2070 lo-

176 2069 332 2119 quendi,
353 2083 440 2122 quae
458 2074 613 2123 puerilis
632 2075 802 2116 doctrina
819 2079 948 2130 tradit,
973 2088 1011 2121 et
1035 2083 1210 2123 subtilior
1229 2097 1292 2124 co-

174 2121 295 2172 gnitio
323 2136 368 2163 ac
397 2126 494 2167 ratio
522 2127 717 2172 literarum
746 2131 829 2184 alit,
860 2141 928 2175 aut
957 2137 1189 2181 consuetudo
1216 2151 1295 2180 ser·
