1407 2308
221 87 300 129 DE
319 87 704 139 INVENTIONE‚
725 90 823 128 ΜΒ.
841 89 897 128 11.
918 89 1021 129 cn.
1037 89 1101 134 27.
1156 91 1207 135 87

114 196 284 247 parabit:
313 203 461 235 caeteros
486 202 613 234 autem
637 208 767 235 omnes
790 197 904 246 locos,
931 197 998 248 qui
1022 196 1070 234 ad
1087 196 1209 247 ipsam

113 249 428 299 comparationem
453 250 706 301 pertinebunt,
737 263 783 288 ex
813 251 996 288 contrario
1023 250 1207 288 tractabit.

115 302 208 339 Loci
221 314 439 341 communes
453 309 576 351 erunt,
591 303 825 351 accusatoris,
845 304 884 341 in
899 316 1001 351 eum,
1022 304 1102 353 qui,
1119 315 1207 340 cum

113 355 167 405 de·
177 354 275 393 facto
289 356 390 407 turpi
404 356 531 406 aliquo
544 362 610 393 aut
627 356 753 393 inutili
771 363 837 394 aut
853 363 1013 408 utroque
1029 356 1204 402 fateatur,

113 416 257 458 quaerat
275 416 400 447 tamen
426 409 593 459 aliquam
619 409 886 457 defensionem,
912 410 1001 447 faeti
1023 409 1206 446 inutilita-

114 468 192 498 tem
218 468 285 498 aut
312 462 584 513 turpitudinem
616 475 704 500 cum
732 462 987 513 indignatione
1016 462 1205 513 proferre3

113 514 329 563 defensoris,
368 516 519 553 nullum
558 514 701 553 factum
743 516 876 553 inutile
919 528 1040 566 neque
1082 522 1206 565 turpe,

114 579 237 618 neque
263 568 354 605 item
378 569 471 606 utile
494 581 616 619 neque
636 569 850 615 honestum,
876 569 1001 619 putari
1025 576 1206 618 oportere,

113 620 198 669 nisi,
227 633 303 671 quo
321 621 461 670 animo,
481 634 557 672 quo
575 628 755 672 tempore,
775 622 852 673 qua
870 622 916 659 de
935 622 1047 659 causa
1064 621 1208 658 factum

113 673 174 719 sit,
204 674 457 724 intelligatur:
487 675 555 725 qui
584 675 687 712 locus
717 676 771 712 ita
802 675 1014 712 communis
1046 682 1114 721 est,
1147 680 1205 720 ut,

113 727 207 763 bene
221 734 398 765 tractatus
415 728 455 764 in
468 727 539 765 hac
553 728 678 775 causa,
693 740 832 778 magno
846 728 893 765 ad
907 727 1209 778 persuadendum

112 787 304 817 momento
338 780 488 818 futurus
524 781 594 818 sit:
635 789 672 818 et
703 782 795 818 alter
824 781 941 829 locus,
979 794 1044 831 per
1076 792 1205 830 quem,

113 833 254 882 magna
278 845 366 870 cum
389 833 691 884 amplificatione,
713 834 884 871 beneficii
901 833 1138 883 magnitudo,
1159 845 1207 869 ex

114 885 273 923 utilitate
301 893 368 923 aut
394 886 585 924 honestate
613 894 678 924 aut
708 886 797 924 facti
826 886 1109 933 necessitudine,
1143 885 1207 922 de-

111 945 362 976 monstratur.
384 945 421 976 et
437 939 580 987 tertius,
595 952 662 990 per
680 952 794 989 quem
813 952 870 977 res
884 952 1058 989 expressa
1070 938 1205 985 verbis,

111 998 198 1028 ante
216 992 342 1029 oculos
359 1004 504 1041 eorum,
529 993 597 1043 qui
621 992 795 1040 audiunt,
819 993 984 1042 ponitur,
1004 998 1049 1029 ut
1071 991 1143 1041 ipsi
1169 1004 1208 1028 se

112 1057 264 1096 quoque
291 1044 393 1082 idem
417 1045 578 1084 facturos
603 1046 718 1084 fuisse
743 1045 983 1093 arbitrentur,
1004 1045 1036 1082 si
1053 1044 1123 1081 sibi
1142 1044 1208 1081 ina

109 1110 182 1188 ΕΞ,
208 1104 322 1150 atque
346 1111 390 1136 ea
413 1098 573 1137 faciendi
596 1112 721 1148 causa,
740 1111 807 1150 per
824 1098 926 1137 idem
944 1105 1094 1149 tempus
1113 1097 1208 1135 acci-

168 1157 233 1188 set.

164 1204 315 1242 Relatio
339 1204 504 1244 criminis
523 1211 590 1253 est,
617 1217 706 1243 cum
724 1217 808 1242 reus
826 1204 880 1253 id,
901 1203 1003 1265 quod
1021 1204 1206 1254 arguitur,

110 1257 312 1304 confessus,
338 1258 490 1296 alterius
513 1271 552 1297 se
576 1258 774 1295 inductum
792 1265 955 1309 peccato,
973 1258 1058 1306 jure
1082 1256 1210 1294 fecisse

109 1310 351 1348 demonstrat.
397 1311 459 1350 Ea
490 1319 545 1350 est
574 1311 818 1359 hujusmodi.
854 1310 1050 1357 Horatius,
1079 1309 1207 1347 occisis

109 1363 230 1401 tribus
259 1363 488 1413 Curiatibus,
520 1371 558 1402 et
581 1364 728 1401 duobus
753 1364 897 1401 amissis
922 1363 1113 1410 fratribus,
1141 1362 1209 1398 do-

109 1428 219 1453 mum
234 1429 271 1454 se
286 1417 401 1455 victor
414 1417 562 1468 recepit·
592 1417 632 1454 Is
646 1416 909 1454 animadvertit
923 1428 1084 1453 sororem
1099 1427 1207 1455 suam

112 1469 158 1506 de
177 1469 337 1506 fratrum
355 1477 474 1508 morte
492 1482 567 1507 non
584 1470 832 1517 laborantem,
853 1468 977 1519 sponsi
995 1475 1122 1506 autem
1141 1480 1208 1505 no-

112 1534 201 1559 men
219 1523 472 1572 appellantem
496 1522 700 1560 identidem
720 1522 881 1560 Curiatis
899 1534 987 1560 cum
1005 1522 1148 1571 gemitu
1169 1528 1208 1558 et

112 1574 388 1612 lamentatione.
419 1576 580 1625 Indigne
593 1588 737 1626 passus,
758 1575 941 1625 virginem
955 1575 1099 1612 occidit.
1128 1574 1209 1611 Ac-

98 1635 273 1665 ·cusatur.
304 1628 469 1666 Intentio
488 1636 555 1675 est,
576 1629 724 1677 Injuria
742 1641 906 1666 sororem
924 1627 1099 1666 occidisti.
1128 1626 1208 1664 De-

112 1681 234 1730 pulsio
263 1689 330 1728 est,
357 1681 454 1719 Jure
479 1681 607 1719 occidi.
653 1680 823 1728 Quaestio
852 1689 919 1729 est,
946 1681 1091 1718 Jurene
1115 1679 1211 1717 occi-

108 1733 217 1771 derit.
248 1734 362 1772 Ratio
379 1741 447 1782 est,
468 1734 543 1771 Illa
561 1734 662 1772 enim
680 1735 845 1772 hostium
863 1740 1025 1771 mortem
1038 1734 1208 1783 lugebat,

111 1785 271 1824 fratrum
296 1787 532 1837 negligebat:
561 1799 624 1825 me
648 1794 685 1825 et
709 1787 894 1838 populum
914 1787 1135 1824 Romanum
1154 1785 1211 1822 vi-

114 1839 205 1876 cisse
222 1840 377 1878 moleste
394 1840 547 1878 ferebat.
586 1840 798 1878 Infirmatio
813 1847 880 1887 est,
895 1839 1045 1877 Tamen
1060 1852 1082 1876 a
1096 1838 1210 1875 fratre

113 1892 369 1930 indemnatam
388 1893 511 1930 necari
535 1905 612 1930 non
637 1893 811 1943 oportuit.
855 1892 919 1929 Ex
937 1892 1015 1942 qua
1029 1891 1210 1940 judicatio

113 1945 182 1990 fit3
213 1945 314 1983 Cum
333 1945 493 1983 Horatia
510 1946 670 1983 fratrum
695 1954 855 1983 mortem
881 1945 1098 1995 negligeret,
1124 1944 1211 1980 hos-

114 1997 213 2035 tium
229 1998 387 2048 lugeret,
406 1998 530 2036 fratris
555 2006 591 2036 et
615 1999 746 2050 populi
772 1999 938 2036 Romani
964 1996 1117 2035 victoria
1134 2007 1210 2032 non

115 2050 307 2100 gauderet,
326 2052 578 2102 oportueritne
596 2064 680 2090 eam
699 2064 722 2089 a
738 2051 851 2090 fratre
868 2050 1126 2089 indemnatam
1145 2060 1211 2085 ne-

111 2103 192 2140 cari
205 2105 223 2140 Ρ

169 2155 350 2196 XXVII.
381 2157 466 2196 Hoc
490 2158 530 2196 in
555 2170 690 2208 genere
715 2169 850 2206 causae,
877 2156 1044 2207 primum
1070 2153 1101 2191 si
1120 2151 1213 2203 quid
