1407 2324
237 81 313 120 DE
333 79 540 120 CLARIS
558 79 945 130 ORATORIBUS,
967 81 1070 119 CAP.
1093 83 1153 122 49.
1185 85 1257 122 401

157 187 297 238 lepore,
317 200 429 226 nemo
452 187 635 226 suavitate
659 187 853 226 conditior.
889 188 988 226 Sunt
1005 189 1085 237 ejus
1110 189 1253 240 aliquot

155 240 354 290 orationes,
373 254 421 280 ex
439 241 592 292 quibus,
613 241 708 279 sicut
726 253 774 278 ex
792 241 961 289 ejusdem
975 241 1176 292 tragoediis,
1196 243 1250 282 le-

155 293 253 332 nitas
272 295 352 343 ejus
370 295 449 332 sine
467 294 590 331 nervis
608 294 766 345 perspici
783 302 915 345 potest.

160 363 163 365 ’
208 346 306 396 Ejus
334 347 488 399 aequalis
508 347 552 384 P.
569 346 773 397 Cethegus,
801 347 861 385 cui
886 347 932 384 de
950 347 1141 398 republica
1160 347 1250 386 satis

154 400 418 451 suppeditabat
435 401 577 438 oratio.
568 413 577 423 ·
599 408 718 438 totam
737 401 838 438 enim
857 403 1007 439 tenebat
1025 413 1122 448 eam,
1142 401 1249 451 peni-

153 458 289 504 tusque
307 456 507 504 cognotat:
537 453 664 504 itaque
682 454 721 490 in
740 462 870 491 senatu
890 454 1142 491 consularium
1159 467 1249 492 auc.

152 506 340 544 toritatem
359 508 648 558 assequebatur.
678 506 770 544 sed
761 519 800 543 ιιι
819 506 937 544 causis
955 506 1115 556 publicis
1133 506 1244 555 nihil,

150 557 190 595 in
209 559 364 610 privatis
382 560 469 597 satis
487 567 668 597 veterator
686 559 892 597 videbatur.
922 559 1044 596 Erat
1033 571 1074 596 ιιι
1092 559 1245 610 privatis

149 612 269 650 causis
288 612 338 660 Q.
360 613 558 651 Lucretius
577 612 748 672 Vespillo
774 619 811 650 et
831 619 977 659 acutus,
997 619 1034 649 et
1048 612 1241 663 jurisperi-

148 671 233 702 tus:
255 677 344 703 nam
358 665 519 716 Aphilia
536 665 656 716 aptior
675 665 927 713 concionibus,
947 677 1063 716 quam
1078 665 1240 714 judiciis.

150 716 321 756 Prudens
340 720 454 757 etiam
473 718 523 756 T.
542 718 696 756 Annius
716 719 868 766 Velina,
889 726 924 756 et
942 717 982 755 in
997 719 1077 767 ejus
1095 719 1240 768 generis

145 771 266 808 causis
285 780 408 810 orator
425 784 513 810 sane
531 771 745 809 tolerabilis.

200 823 247 861 In
273 825 404 863 eodem
428 837 562 876 genere
587 837 784 862 causarum
809 824 977 862 multum
1001 831 1079 861 erat
1097 823 1146 861 T.
1162 824 1237 862 Ju-

143 877 305 926 ventius,
321 878 434 916 nimis
450 878 514 915 ille
532 877 686 928 quidem
699 878 824 915 lentus
837 877 878 915 in
892 877 1061 924 dicendo,
1082 883 1118 914 et
1130 888 1238 927 paene

142 928 327 980 frigidus;
357 931 421 969 sed
445 938 482 969 et
506 930 677 977 callidus,
697 937 735 968 et
757 930 798 967 in
824 929 1003 981 capiendo
1028 929 1236 968 adversario

141 991 325 1030 versutus,
355 991 391 1021 et
414 991 592 1034 praeterea
618 995 686 1021 nec
710 983 896 1030 indoctus,
924 989 960 1020 et
982 982 1123 1033 magna
1148 995 1235 1021 cum

135 1034 233 1083 juris
251 1036 368 1074 civilis
385 1036 645 1087 intelligentia.
693 1035 815 1085 Cujus
840 1035 987 1073 auditor
1010 1035 1055 1073 P.
1076 1035 1233 1083 Orbius,

137 1098 246 1127 meus
264 1089 341 1128 fere
359 1089 556 1141 aequalis,
545 1101 585 1126 ιιι
604 1089 760 1127 dicendo
779 1101 854 1127 non
873 1088 985 1126 nimis
998 1088 1233 1149 exercitatus,

136 1140 177 1178 in
192 1142 278 1190 jure
295 1149 422 1181 autem
441 1142 541 1181 civili
558 1154 634 1180 non
652 1142 805 1180 inferior
823 1154 938 1192 quam
954 1142 1132 1191 magister
1145 1141 1232 1179 fuit.

139 1193 244 1232 Nam
259 1195 309 1233 T.
325 1196 520 1244 Aufidius,
533 1195 600 1247 qui
614 1195 709 1233 vixit
721 1195 769 1232 ad
784 1206 974 1232 summam
988 1201 1230 1241 senectutem,

137 1247 286 1286 volebat
303 1262 380 1287 esse
395 1249 526 1287 similis
544 1249 707 1293 horum;
738 1255 890 1298 eratque
912 1254 949 1284 et
965 1249 1086 1285 bonus
1105 1247 1174 1293 vir,
1195 1255 1232 1284 et

135 1299 337 1339 innocens·
325 1329 338 1346 ‚
368 1302 432 1339 sed
450 1302 596 1340 dicebat
613 1313 760 1352 pamm.
802 1301 884 1338 Nec
902 1312 989 1337 sane
1007 1299 1093 1349 plus
1117 1299 1232 1338 frater

135 1353 231 1401 ejus,
253 1354 312 1392 M.
326 1355 524 1405 Virgilius,
545 1354 611 1406 qui
629 1353 803 1391 tribunus
820 1353 940 1404 plebis
960 1352 1007 1389 L.
1023 1352 1168 1389 Sullae
1158 1365 1230 1390 lm-

135 1407 296 1456 peratori
315 1407 415 1445 diem
433 1407 540 1445 dixit.
583 1406 683 1466 Ejus
700 1406 843 1457 collega
860 1406 906 1443 P.
923 1405 1124 1455 Magius,
1114 1417 1154 1442 ιιι
1172 1405 1229 1444 di-

135 1459 253 1497 cendo
271 1461 385 1511 paulo
403 1468 530 1497 tamen
549 1459 740 1510 copiosior.

188 1512 263 1550 Sed
293 1513 465 1551 omnium
495 1520 699 1559 oratorum,
729 1512 805 1549 sive
833 1511 1066 1558 rabulamm,
1095 1511 1162 1561 qui
1191 1520 1228 1549 et

134 1565 245 1614 plane
264 1565 403 1604 indocti
420 1573 486 1603 aut
503 1565 680 1603 inurbani
701 1572 766 1602 aut
783 1564 911 1602 rustici
929 1564 1041 1601 etiam
1059 1563 1226 1623 fuerunt,

132 1630 227 1668 quos
256 1619 419 1679 quidem·
436 1631 505 1679 ego
530 1618 781 1669 cognoverim,
807 1617 1079 1655 solutissimum
1105 1617 1145 1653 in
1170 1617 1227 1654 di-

132 1671 250 1709 cendo
268 1679 304 1709 et
322 1671 581 1711 acutissimum
597 1671 738 1720 judico,
766 1670 884 1708 nostri
907 1669 1046 1707 ordinis
1073 1669 1122 1716 Q.
1144 1670 1228 1707 Ser-

131 1724 286 1772 torium,
306 1725 486 1776 equestris
505 1724 550 1763 C.
571 1725 820 1775 Gorgonium.
850 1723 942 1760 Fuit
960 1723 1073 1760 etiam
1092 1722 1225 1770 facilis,

131 1784 170 1814 et
188 1777 390 1839 expeditus
415 1778 463 1816 ad
481 1778 696 1824 dicendum,
717 1785 754 1815 et
770 1777 857 1814 vitae
875 1776 1070 1826 splendore
1088 1776 1225 1822 multo,

131 1836 168 1867 et
186 1830 336 1881 ingenio
354 1844 442 1869 sane
459 1831 658 1882 probabili,
678 1830 727 1868 T.
748 1830 776 1868 J
778 1842 905 1876 umus,
933 1829 979 1866 L.
1001 1829 1044 1866 F.
1066 1828 1226 1865 tribuni-

129 1882 222 1931 cius,
243 1897 320 1934 quo
338 1892 546 1931 accusante,
575 1884 620 1921 P.
642 1883 807 1931 Sextius,
834 1889 970 1933 praetor
995 1881 1224 1930 designatus,

129 1935 330 1974 damnatus
349 1946 404 1975 est
420 1937 595 1975 ambitus.
625 1936 665 1974 Is
678 1935 912 1987 processisset
925 1933 1129 1972 honoribus
1142 1933 1225 1970 lon-

128 1988 227 2038 gius,
255 1989 328 2027 nisi
353 2003 498 2042 semper
515 1990 668 2028 infirma
685 1997 798 2041 atque
817 1988 930 2026 etiarn
956 1999 1056 2037 aegra
1081 1987 1224 2024 valetu-

129 2040 218 2079 dine
236 2042 378 2082 fuisset.

182 2094 338 2134 XLIX.
366 2096 498 2148 Atque
516 2109 585 2147 ego
610 2096 784 2147 praeclare
809 2094 992 2144 intelligo,
1012 2104 1073 2129 me
1098 2091 1137 2128 in
1164 2104 1225 2130 co-

126 2159 214 2186 rum
244 2149 596 2189 cmnmemontmne
626 2148 803 2225 versari&
808 2147 874 2198 qui
882 2159 971 2236 3nec
1003 2144 1122 2184 habiti
1151 2144 1224 2183 sint

779 2203 861 2237 ΞΜ
