1428 2308
263 67 340 106 DE
370 65 757 117 INVENTIONE,
787 67 885 106 LIB.
903 68 936 107 Ι.
967 67 1069 107 car.
1091 71 1150 114 17.
1210 73 1259 117 17

149 174 236 212 fessi
255 182 343 213 sunt
360 174 571 213 audiendo·
601 187 691 212 nam
710 187 757 213 ex
776 175 845 213 hac
864 188 1015 227 quoque
1032 189 1072 214 re
1090 189 1165 215 non
1183 179 1256 216 mi-

150 239 236 275 nus,
256 241 372 279 quam
388 241 434 265 ex
453 228 584 279 primis
598 228 782 276 duabus,'
772 242 812 266 m
824 237 967 266 oratore
981 242 1255 282 nonnunquam

150 281 301 319 animus
319 281 498 319 auditoris
516 281 729 319 offenditur.
759 282 799 319 Si
814 295 935 320 causae
955 283 1148 333 turpitudo
1167 298 1255 323 con-

150 334 273 372 trahet
303 335 668 379 offensionen13a11t
696 347 764 385 pro
790 348 833 373 eo
852 335 1018 383 homine,
1046 336 1084 373 in
1104 351 1179 387 quo
1198 339 1255 376 of-

149 386 331 434 fenditur,
364 388 481 425 alium
511 362 719 435 hoininem,
755 389 821 439 qui
851 389 1034 439 diligitur,
1067 389 1254 441 interponi

149 447 321 490 oportet3
351 449 418 478 aut
435 454 503 492 pro
529 454 581 487 re,
613 441 651 478 in
678 442 755 492 quiz
781 441 994 489 offenditur,
1024 443 1138 480 aliam
1158 458 1252 493 rem,

147 506 237 544 quae
250 495 455 544 probatum
478 501 544 531 aut
562 507 629 544 pro
645 507 684 531 re
702 495 909 541 hominem,
931 502 996 532 aut
1014 508 1081 545 pro
1100 496 1254 535 homine

147 559 243 594 rem,
265 556 308 584 ut
327 549 374 584 ab
389 560 446 593 eo,
476 548 578 598 quod
597 547 689 595 odit,
717 548 764 584 ad
783 547 835 593 id,
868 549 971 598 quod
990 548 1126 597 diligit,
1147 551 1253 587 audi-

147 600 238 637 toris
258 601 407 637 animus
426 601 667 644 traducatur;
698 608 734 638 et
760 601 995 638 dissimulare
1014 601 1052 638 id
1071 609 1107 638 te
1126 603 1254 641 defen-

147 665 294 698 surum,
326 653 428 704 quod
458 654 680 691 existimeris
710 653 953 691 defensurus:
991 654 1138 702 deinde,
1165 669 1253 694 cum

142 706 225 754 jam
244 707 371 743 mitior
389 706 509 744 factus
529 707 597 743 erit
615 707 775 754 auditor,
797 707 943 756 ingredi
964 707 1192 757 pedetentim
1212 710 1251 747 in

145 759 414 807 defensionem,
446 767 482 796 et
509 759 642 807 dicere,
674 772 730 807 ea,
758 773 844 809 quae
863 760 1107 810 indignentur
1124 762 1255 800 adver-

145 813 246 859 sarii,
274 813 343 850 tibi
361 825 512 863 quoque
531 812 687 862 indigna
712 812 853 858 videri;
883 813 1031 860 deinde,
1066 811 1173 861 [cum
1198 815 1255 853 le-

144 866 257 904 nieris
275 878 378 914 eum,
398 866 465 917 qui
479 865 639 916 audiet,]
657 865 924 913 demonstrare,
940 867 1036 903 nihil
1055 879 1185 905 eorum
1205 869 1254 906 ad

145 925 182 956 te
206 919 404 970 pertinere,
432 926 469 956 et
497 931 633 968 negare
657 925 694 956 te
722 919 933 970 quidquam
963 919 1010 956 de
1035 919 1254 959 adversariis

145 985 224 1010 esse
253 972 458 1020 dicturum,
489 984 612 1023 neque
640 971 724 1019 hoc,
755 984 878 1023 neque
907 972 1028 1018 illud3
1057 980 1101 1009 ut
1130 986 1254 1025 neque

143 1033 271 1076 aperte
288 1025 404 1063 laedas
423 1038 498 1071 eos,
513 1025 581 1076 qui
594 1025 818 1075 diliguntur,
839 1033 875 1063 et
893 1033 1020 1063 tamen
1039 1026 1079 1063 id
1097 1028 1253 1066 obscure

144 1078 298 1126 faciens,
319 1079 445 1130 quoad
462 1079 596 1129 possis,
628 1078 765 1116 alienes
795 1081 842 1116 ab
869 1079 920 1117 eis
945 1079 1161 1117 auditorum
1187 1094 1253 1119 vo-

144 1132 357 1177 luntatem;
387 1139 424 1170 et
441 1133 658 1191 aliquorum
681 1132 868 1180 judicium
894 1132 1010 1170 simili
1035 1132 1081 1170 de
1102 1146 1156 1180 re,
1185 1141 1253 1172 aut

144 1186 406 1223 auctoritatem
437 1186 602 1236 proferre
638 1184 848 1223 imitatione
887 1186 1074 1235 dignam.
1116 1186 1252 1225 deinde

144 1238 332 1287 eamdem,
363 1245 430 1276 aut
450 1238 708 1299 consimilem,
729 1245 795 1275 aut
819 1239 1016 1287 majorem,
1044 1246 1110 1276 aut
1128 1240 1252 1278 mino-

146 1304 228 1330 rem
253 1293 315 1343 agi
343 1305 423 1329 rem
448 1292 488 1329 in
514 1291 714 1341 praesentia
741 1292 1007 1329 demonstrare.
1047 1292 1113 1329 Sin
1133 1294 1251 1331 oratio

143 1345 442 1383 adversariorum
460 1345 575 1382 fidem
594 1344 782 1382 videbitur
800 1345 1034 1383 auditoribus
1048 1345 1175 1383 fecisse
1195 1347 1251 1389 (id

144 1399 249 1449 quod
267 1399 315 1447 ei,
346 1399 413 1448 qui
436 1398 626 1448 intelligit,
647 1398 785 1448 quibus
804 1400 914 1436 rebus
933 1398 1024 1435 fides
1042 1399 1121 1445 fiat,
1142 1399 1252 1437 facile

145 1452 216 1489 erit
234 1452 418 1501 cognitu),
445 1459 589 1501 oportet
613 1458 680 1488 aut
698 1451 743 1488 de
762 1463 819 1498 eo,
839 1451 943 1501 quod
961 1451 1160 1489 adversarii
1179 1453 1251 1490 sibi

143 1505 404 1542 finnissimum
423 1504 606 1554 putarint,
637 1510 674 1541 et
698 1504 865 1541 maxime
890 1505 931 1551 ii,
962 1505 1029 1555 qui
1047 1505 1249 1553 audierint,

143 1558 352 1609 probarint,
372 1558 541 1608 primum
560 1566 597 1595 te
621 1557 810 1594 dicturum
828 1557 1008 1608 polliceri,
1033 1566 1099 1595 aut
1117 1560 1164 1596 ab
1184 1559 1250 1596 ad-

141 1611 295 1649 versarii
313 1611 412 1649 dicto
426 1610 600 1657 exordiri,
617 1617 654 1647 et
668 1612 715 1648 ab
730 1623 773 1648 eo
791 1611 1044 1660 potissimum,
1065 1612 1168 1662 quod
1186 1612 1251 1650 ille

142 1665 358 1715 nuperrime
375 1664 532 1708 dixerit;
554 1670 619 1701 aut
632 1663 865 1701 dubitatione
883 1664 952 1711 uti,
969 1665 1062 1715 quid
1079 1665 1248 1715 primum

140 1718 258 1765 dicas,
279 1724 346 1755 aut
363 1718 424 1756 cui
442 1717 681 1768 potissimum
705 1717 787 1755 loco
811 1717 1048 1768 respondeas,
1069 1731 1156 1755 cum
1182 1719 1248 1755 ad-

143 1772 352 1809 miratione.
382 1771 423 1809 N
425 1784 488 1808 am
513 1771 661 1808 audimr
679 1783 767 1808 cum
786 1784 888 1818 eum,
915 1784 1029 1822 quem
1048 1771 1247 1809 adversarii

141 1826 403 1876 perturbatum
418 1831 554 1875 putant
571 1823 750 1871 oratione,
770 1824 872 1862 videt
889 1825 1016 1861 animo
1034 1825 1249 1862 firmissimo

139 1885 274 1916 contra
290 1878 411 1916 dicere
434 1883 623 1928 paratum,
650 1877 874 1928 plerumque
899 1890 937 1915 se
961 1877 1086 1928 potius
1110 1885 1250 1915 temere

144 1931 354 1979 assensisse,
375 1943 492 1982 quam
510 1930 621 1968 illum
641 1931 719 1967 sine
737 1931 850 1968 causa
867 1931 1064 1977 confidere,
1092 1931 1248 1968 arbitra-

144 1992 218 2023 tur.
258 1985 326 2023 Sin
351 1983 530 2022 auditoris
556 1983 724 2021 studium
743 1983 958 2034 defatigatio
984 1984 1209 2022 abalienavit
1227 1996 1250 2020 a

145 2038 270 2087 causa,
298 2044 335 2076 te
351 2037 516 2084 brevius,
546 2050 663 2088 quam
691 2044 844 2088 paratus
872 2036 1001 2083 fueris,
1033 2049 1109 2074 esse
1127 2036 1249 2074 dictu-

144 2105 247 2139 rum,
273 2090 515 2130 commodum
539 2098 594 2128 est
611 2091 802 2140 polliceri3
832 2102 907 2127 non
926 2090 1162 2127 imitaturum
1182 2089 1248 2126 ad-

144 2145 360 2185 versarium.
401 2144 468 2184 Sin
486 2156 544 2183 res
562 2144 680 2192 dabit,
708 2156 783 2182 non
798 2143 936 2181 inutile
960 2150 1027 2191 cst,
1053 2144 1102 2181 ab
1121 2142 1249 2194 aliqua

859 2206 882 2232 c
903 2196 926 2232 3
