1429 2344
201 70 277 109 158
350 69 428 109 DE
457 68 754 120 ORATORE,
784 68 882 110 Lm.
905 69 939 109 Ι.
969 69 1073 110 Cn.
1093 70 1162 110 34.

198 178 289 217 artis
313 186 404 217 sunt
428 178 515 226 loci,
537 178 614 216 sive
632 178 774 229 ingenii
793 179 992 228 cujusdam
1010 187 1125 231 atque
1142 175 1309 231 pruden-

199 233 276 281 tiae,
299 233 366 284 qui
384 232 499 270 modo
517 232 649 270 insunt
666 233 707 269 111
726 246 771 270 ea
788 246 829 271 re
847 233 894 271 de
912 247 991 285 qua
1009 233 1220 282 scribimus,
1240 246 1308 271 an-

200 287 440 338 quirentibus
454 286 577 334 nobis,
594 286 776 337 omnique
794 286 871 324 acie
889 287 1031 338 ingemi
1049 288 1308 339 contemplan-

198 342 314 388 tibus,
325 340 529 378 ostendunt
543 353 580 377 se
595 347 632 377 et
643 347 864 378 occurrunt:
880 354 1087 393 omnesque
1101 341 1307 390 sententiae,

200 397 391 445 verbaque
410 394 552 441 omnia,
573 407 660 445 quae
673 402 763 432 sunt
776 395 960 445 cujusque
978 396 1124 446 generis
1141 396 1310 433 maxime

199 448 376 496 illustria,
407 449 478 485 sub
504 460 665 486 acumen
691 448 766 485 stili
791 450 952 486 subeant
971 456 1008 487 et
1026 449 1227 488 succedant
1243 462 1310 487 ne-

202 515 303 541 cesse
333 509 410 540 est:
442 509 527 539 tum
553 502 636 552 ipsa
665 502 857 540 collocatio
883 502 1205 555 conformatioque
1229 517 1311 541 ver-

201 558 340 594 borum
359 556 550 606 perficitur
568 556 610 593 in
628 556 837 604 scribendo,
857 568 934 594 non
953 557 1113 607 poe'tico,
1135 557 1200 595 sed
1218 570 1313 609 quo·

202 610 294 647 dam
312 609 473 647 oratorio
491 622 651 647 numero
670 617 707 648 et
724 610 851 648 modo.
895 610 992 648 Haec
1011 617 1112 659 sunt,
1134 624 1221 662 quae
1239 611 1314 649 cla-

202 676 326 702 mores
352 671 389 702 et
414 663 680 702 admirationes
698 664 738 701 in
763 664 871 702 bonis
896 664 1105 702 oratoribus
1123 664 1313 711 efficiunt3

202 729 327 769 neque
342 731 385 756 ea
408 717 627 769 quisquam,
648 717 721 755 nisi
739 717 806 755 diu
819 718 1065 769 multumque
1083 718 1314 770 scriptitarit,

203 772 318 810 etiam
339 772 370 810 si
389 771 717 810 vehementissime
737 785 775 809 se
792 771 832 809 in
851 772 910 809 his
929 772 1064 810 subitis
1089 772 1318 812 dictionibus

205 826 426 873 exercuerit,
456 832 730 877 consequetur:
762 833 799 863 et
824 826 892 877 qui
911 839 934 864 a
952 826 1139 864 scribendi
1162 840 1319 866 consue-

203 881 337 918 tudine
366 880 414 917 ad
443 879 647 918 dicendum
676 879 793 929 venit,
823 880 923 918 hanc
947 880 1056 918 affert
1080 880 1317 930 facultatem,

205 941 262 981 ut,
293 935 407 972 etiam
426 934 551 971 subito
570 933 601 971 si
619 933 733 982 dicat,
763 940 893 971 tamen
915 934 995 983 illa,
1023 948 1111 985 quae
1128 935 1318 984 dicantur,

205 988 345 1026 similia
373 988 600 1037 scriptorum
628 1000 706 1025 esse
733 987 957 1033 videantuu
987 995 1103 1039 atque
1129 988 1258 1038 etiam,
1288 989 1320 1027 si

204 1042 359 1094 quando
373 1042 413 1078 in
428 1041 586 1079 dicendo
605 1041 788 1092 scriptum
808 1042 977 1079 attulerit
995 1042 1155 1093 aliquid,
1169 1055 1258 1080 cum
1271 1044 1320 1081 ab

207 1109 251 1135 eo
269 1095 490 1142 discesserit,
507 1095 654 1146 reliqua
672 1095 805 1133 similis
819 1095 938 1133 oratio
956 1103 1216 1147 consequetur.
1246 1097 1318 1145 Ut,

207 1151 393 1189 concitato
404 1149 569 1211 navigio,
584 1162 672 1187 cum
683 1149 844 1200 remiges
855 1147 1172 1202 [sustinuerunt,]
1185 1150 1321 1188 retinet

207 1212 337 1242 tamen
355 1203 437 1256 ipsa
455 1204 561 1241 navis
576 1210 726 1240 motum
742 1210 778 1241 et
792 1216 946 1241 cursum
961 1217 1089 1252 suum,
1108 1204 1323 1243 intermisso

208 1258 357 1309 impetu
389 1258 582 1309 pulsuque
613 1270 831 1295 remorum·
820 1286 831 1304 ,
869 1257 936 1306 sic,
967 1257 1008 1295 in
1038 1257 1206 1296 oratione
1235 1271 1322 1309 per-

208 1313 339 1363 petua,
368 1325 458 1350 cum
483 1311 620 1362 scripta
644 1311 839 1358 deficiunt,
864 1324 997 1362 parem
1022 1318 1152 1349 tamen
1178 1313 1324 1351 obtinet

207 1366 327 1404 oratio
345 1366 492 1417 reliqua
516 1378 685 1415 cursum,
707 1365 932 1417 scriptorum
951 1365 1200 1405 similitudine
1224 1373 1262 1404 et
1285 1365 1325 1406 vi

211 1420 407 1459 concitata.

263 1473 468 1512 XXXIV.
513 1473 562 1511 In
595 1472 824 1524 quotidianis
856 1479 986 1512 autem
1018 1473 1322 1525 cogitationibus,

210 1528 388 1579 equidem
418 1527 515 1564 mihi
540 1527 840 1566 adolescentulus
864 1540 1074 1579 proponere
1092 1529 1260 1566 solebam
1277 1528 1323 1566 il-

209 1583 289 1620 lam
308 1581 614 1620 exercitationem
627 1581 812 1630 maxime,
833 1581 912 1633 qu'a
926 1582 971 1620 C.
988 1581 1215 1630 Carbonem,
1236 1595 1323 1620 nos-

212 1643 315 1674 trum
340 1636 452 1672 illum
477 1635 691 1683 inimicum,
712 1635 867 1673 solitum
893 1649 971 1674 esse
995 1635 1054 1673 uti
1078 1636 1257 1685 sciebam,
1277 1642 1321 1674 ut

210 1696 278 1728 aut
295 1689 463 1728 versibus
481 1689 681 1740 propositis
700 1702 818 1740 quam
838 1689 1009 1727 maxime
1032 1689 1225 1740 gravibus,
1255 1696 1323 1727 aut

210 1743 378 1782 oratione
396 1743 526 1794 aliqua
542 1743 640 1781 lecta
665 1742 713 1780 ad
732 1755 821 1780 eum
839 1743 970 1791 finem,
997 1755 1113 1794 quem
1137 1743 1324 1782 memoria

209 1810 359 1849 possem
386 1796 715 1847 comprehendere,
743 1809 827 1834 eam
852 1809 933 1834 rem
959 1797 1097 1848 ipsam,
1125 1810 1243 1848 quam
1267 1797 1323 1835 le-

211 1851 364 1902 gissem,
394 1850 516 1888 verbis
549 1850 645 1898 aliis,
675 1863 793 1901 quam
822 1849 992 1888 maxime
1022 1863 1171 1902 possem
1201 1851 1321 1900 lectis,

211 1904 522 1966 pronuntiarem.
544 1904 608 1942 sed
627 1911 712 1955 post
729 1903 993 1965 animadverti,
1011 1904 1083 1942 hoc
1102 1917 1179 1943 esse
1192 1904 1233 1942 in
1250 1905 1324 1944 hoc

186 2001 191 2008 .
212 1959 308 2008 vitii,
329 1958 433 2010 quod
457 1971 501 1996 ea
522 1960 649 2005 verba,
671 1971 758 2009 quae
774 1957 944 1996 maxime
962 1959 1146 2010 cujusque
1164 1959 1218 1997 rei
1234 1971 1323 2010 pro-

213 2013 309 2064 pria,
340 2025 502 2064 quaeque
527 2019 648 2050 essent
672 2012 910 2050 ornatissima
934 2019 1049 2064 atque
1073 2012 1233 2064 optima,
1261 2025 1325 2052 oc-

212 2067 400 2118 cupasset,
415 2073 482 2104 aut
495 2066 661 2114 Ennius,
677 2065 709 2104 si
723 2065 771 2103 ad
785 2067 867 2115 ejus
881 2079 1008 2105 versus
1021 2080 1085 2105 me
1098 2079 1324 2115 exercerem,

212 2128 279 2158 aut
311 2121 519 2170 Gracchus,
551 2120 582 2158 si
606 2121 688 2169 ejus
713 2120 922 2158 orationem
946 2120 1043 2159 mihi
1067 2121 1164 2159 forte
1188 2133 1344 2173 propo-‚

212 2175 394 2215 suissem:
424 2175 492 2224 ita,
513 2174 544 2214 si
563 2173 698 2215 iisdem
717 2173 840 2215 verbis
859 2180 996 2224 uterer,
1017 2174 1113 2215 nihil
1130 2175 1327 2227 prodesse;
