1407 2308
218 88 296 128 DE
317 88 702 138 INVENTIONE,
724 90 820 128 Lm.
839 89 897 128 11.
919 89 1021 128 CAP.
1038 89 1101 127 21.
1157 89 1205 126 81

113 196 241 234 tinere.
270 195 365 235 Tres
378 196 494 247 igitur
511 209 564 235 eae
582 196 877 244 constitutiones,
898 209 983 248 quae
997 202 1120 247 partes
1133 207 1210 233 non

113 249 266 297 habent,
295 249 343 287 ad
370 249 473 288 hunc
499 249 657 288 modum
684 251 955 288 tractabuntur.
998 250 1115 287 Nunc
1144 261 1209 298 ge-

119 302 284 340 neralem
313 303 630 352 constitutionem,
662 310 698 340 et
727 310 849 354 partes
880 304 975 352 ejus,
1007 301 1214 340 considere-

117 367 215 393 mus.

171 408 290 446 XXI.
315 408 430 458 Cum,
450 416 486 447 et
503 408 601 448 facto
620 417 656 447 et
673 409 761 447 facti
778 408 931 447 nomine
948 421 1132 455 conceSSO,
1148 420 1215 445 ne-

118 473 193 511 que
219 462 300 499 ulla
325 462 478 500 actionis
495 462 601 500 illata
619 463 879 510 controversia,
899 462 954 500 vis
973 470 1010 500 et
1026 469 1161 499 natura
1178 467 1215 498 et

118 526 236 564 genus
255 515 393 565 negotii
411 515 528 566 ipsius
553 516 756 566 quaeritur-3
786 515 1087 553 constitutionem
1104 526 1216 565 gene-

118 567 236 604 ralem
265 569 510 618 appellamus.
551 569 682 618 Hujus
710 569 851 619 primas
876 581 952 606 esse
976 576 1098 619 partes
1124 567 1218 604 duas

120 620 227 658 nobis
259 621 375 658 videri
407 621 586 682 diximus,
620 622 859 681 negotialem,
893 628 929 659 et
954 620 1217 670 juridicialem.

121 673 332 723 Negotialis
351 682 418 722 est,
438 687 524 725 quae
541 675 581 711 in
599 675 680 725 ipso
698 675 847 725 negotio
862 674 957 722 juris
976 674 1092 711 civilis
1105 673 1220 710 habet

120 725 352 777 implicatam
372 728 669 765 controversiam.
698 727 758 765 Ea
777 735 831 765 est
848 727 1090 776 hujusmodi:
1120 725 1220 773 Qui-

123 779 212 816 dam
239 780 430 830 pupillum
454 781 640 818 haeredem
659 781 771 826 fecit;
801 781 968 831 pupillus
987 787 1114 817 autem
1133 785 1221 816 ante

124 840 295 870 mortuus
321 840 388 881 est,
416 846 532 884 quam
558 833 598 870 in
624 846 732 871 suam
757 833 916 871 tutelam
941 832 1111 870 venisset.
1159 831 1222 869 De

122 885 336 923 haereditate
354 898 412 934 ea,
432 898 518 936 quae
535 886 682 936 pupillo
696 886 811 933 venit,
826 886 923 923 inter
942 898 1002 923 eos
1021 885 1088 935 qui
1105 885 1222 936 patris

122 938 259 988 pupilli
287 939 450 977 haeredes
475 938 629 977 secundi
655 947 756 987 sunt,
788 947 824 976 et
848 939 946 976 inter
971 945 1125 988 agnatos
1149 950 1223 988 pu·

122 991 220 1041 pilli,
249 991 494 1030 controversia
512 999 577 1030 est.
625 992 812 1030 Possessio
829 991 1023 1029 haeredum
1042 990 1223 1029 secundo-

122 1056 209 1081 rum
238 1051 304 1082 est.
344 1045 512 1083 Intentio
541 1052 596 1083 est
625 1052 862 1095 agnatorum,
894 1045 1036 1082 Nostra
1063 1044 1223 1095 pecunia

123 1103 191 1145 est,
212 1096 258 1135 de
277 1098 354 1148 qua
371 1098 416 1146 is,
437 1099 545 1147 cujus
568 1098 696 1148 agnati
720 1111 865 1147 sumus,
885 1104 1040 1135 testatus
1058 1109 1135 1135 non
1154 1104 1221 1134 est.

123 1149 309 1200 Depulsio
323 1158 391 1199 est,
412 1151 540 1189 Immo
559 1158 697 1199 nostra,
717 1151 784 1202 qui
797 1150 961 1188 haeredes
980 1150 1132 1188 secundi
1151 1157 1224 1187 tes-

126 1209 293 1241 tamento
317 1204 433 1254 patris
461 1216 604 1242 sumus.
644 1204 813 1252 Quaestio
839 1210 906 1252 est,
932 1204 1118 1241 Utrorum
1145 1203 1192 1241 sit
1205 1205 1223 1241 Ρ

126 1256 241 1294 Ratio
269 1263 338 1304 est,
366 1257 479 1295 Pater
504 1257 605 1294 enim
631 1264 667 1295 et
693 1257 764 1295 sibi
789 1264 825 1294 et
853 1257 932 1294 filio
957 1263 1224 1294 testamentum

125 1309 283 1359 scripsit,
304 1309 397 1346 dum
415 1310 446 1347 is
464 1310 632 1360 pupillus
652 1318 755 1348 esset.
786 1310 930 1358 Quare,
950 1323 1035 1360 quae
1054 1310 1123 1346 filii
1140 1309 1226 1347 fue-

123 1369 226 1410 runt,
247 1369 472 1400 testamento
490 1363 605 1413 patris
624 1371 751 1401 nostra
768 1363 862 1400 fiant
879 1375 1025 1400 necesse
1043 1370 1108 1400 est.
1156 1362 1226 1399 In-

127 1414 289 1452 1111113ᾰο
308 1422 362 1452 est
379 1415 544 1463 rationis,
566 1416 693 1453 Immo
717 1422 822 1466 pater
845 1415 915 1453 sibi
935 1415 1093 1465 scripsit,
1114 1423 1151 1453 et
1170 1428 1226 1453 se-

128 1467 298 1505 cundum
328 1467 514 1505 haeredem
545 1481 621 1506 non
653 1469 745 1515 filio,
781 1468 844 1506 sed
876 1468 960 1516 sibi,
992 1468 1104 1517 jussit
1136 1480 1226 1506 esse.

127 1520 270 1569 Quare,
308 1528 559 1571 praeterquam
591 1521 694 1572 quod
725 1521 842 1572 ipsius
878 1521 966 1568 fuit,
1004 1528 1226 1559 testamento

124 1573 226 1611 illius
253 1581 418 1611 vestrum
443 1586 519 1612 osse
543 1587 619 1612 non
645 1581 776 1625 potest.
816 1574 845 1613 J
847 1574 1023 1622 udicatio,
1052 1574 1225 1613 Possitne

126 1626 327 1677 quisquam
345 1627 392 1664 de
409 1627 478 1664 filii
501 1627 638 1678 pupilli
663 1640 702 1664 re
721 1627 870 1672 testari;
904 1640 952 1665 an
979 1627 1144 1665 haeredes
1170 1640 1227 1665 se-

125 1679 254 1727 cundi,
283 1679 400 1730 ipsius
441 1680 732 1730 patrisfamilias,
760 1693 835 1718 non
862 1680 930 1719 filii
957 1693 1108 1731 quoque
1145 1681 1227 1729 ejus

127 1732 278 1783 pupilli,
304 1733 468 1771 haeredes
493 1733 568 1770 sint
585 1736 601 1771 ‚⁹
630 1733 762 1783 Atque
786 1733 857 1771 hoc
875 1745 951 1771 non
970 1733 1137 1772 alienum
1155 1740 1224 1781 est,

128 1785 231 1836 quod
258 1785 307 1822 ad
330 1786 453 1823 multa
476 1786 672 1837 pertineat,
699 1798 747 1823 ne
772 1793 838 1823 aut
856 1799 1059 1837 nusquam,
1080 1793 1146 1823 aut
1163 1799 1226 1823 us-

127 1851 353 1889 quequaque
370 1838 528 1886 dicatur,
549 1839 612 1876 hic
630 1839 840 1877 admonere.
870 1840 969 1877 Sunt
987 1852 1120 1886 causae,
1141 1852 1227 1889 quae

127 1891 252 1941 plures
287 1892 428 1929 habent
463 1892 621 1929 rationes
657 1891 696 1929 in
733 1891 893 1942 simplici
931 1892 1192 1930 constitutione
1210 1905 1222 1928 z

127 1943 230 1994 quod
256 1943 312 1992 fit,
335 1956 422 1982 011111
448 1944 501 1993 id,
521 1944 623 1995 quod
641 1944 783 1982 factum
802 1951 870 1993 est,
891 1953 957 1983 aut
975 1945 1077 1995 quod
1096 1944 1227 1981 defen-

125 1996 240 2044 ditur,
259 1997 432 2047 pluribus
449 1997 496 2035 de
514 1998 632 2036 causis
650 2004 794 2035 rectum
813 2005 879 2035 aut
895 1997 1088 2048 probabile
1107 1996 1226 2034 videri

126 2056 260 2099 potest,
287 2057 330 2087 ut
358 2050 398 2088 in
424 2050 495 2089 hac
519 2051 602 2101 ipsa
628 2064 751 2089 causa.
781 2051 1024 2110 Supponatur
1050 2049 1151 2087 enim
1177 2051 1228 2087 ab

126 2102 335 2140 haeredibus
363 2103 442 2142 haec
471 2104 578 2164 ratio,
609 2103 734 2142 Unius
760 2103 861 2141 enim
887 2102 1055 2153 pecuniae
1081 2102 1222 2152 plures,

126 2153 366 2195 dissimilibus
396 2156 442 2195 de
470 2157 604 2204 causis,
634 2156 798 2195 haeredes
828 2169 906 2195 esse
934 2167 1010 2194 non
1040 2161 1226 2206 possunt3
