1429 2344
186 71 261 109 146
334 70 411 110 DE
441 69 736 119 ORATORE,
767 69 865 109 Lm.
889 70 922 109 Ι.
953 71 1138 110 cmm.

177 179 224 225 si,
252 192 341 217 cum
369 192 433 217 vos
457 179 504 217 de
527 180 639 216 rebus
664 179 748 217 aliis
771 180 1034 230 loqueremini,
1063 186 1191 216 tamen
1217 188 1288 214 nos

177 233 325 284 aliquid
343 246 392 271 ex
405 245 575 271 sermone
597 239 718 270 vestro
735 234 921 271 memoria
938 235 1099 285 dignum
1115 231 1286 282 excipere

177 299 397 337 possemus;
419 294 463 324 ut
480 299 568 324 vero
586 286 736 336 penitus
754 286 793 325 in
809 300 893 325 eam
907 287 1030 338 ipsam
1045 286 1159 326 totius
1172 285 1290 334 hujus

177 341 239 379 vel
257 340 386 389 studii,
413 341 475 378 vel
492 339 653 387 artificii,
682 341 741 379 vel
765 340 968 389 facultatis,
994 340 1289 393 disputationem

176 407 286 445 paene
312 393 488 432 intimam
515 393 703 441 veniretis,
730 395 795 432 vix
821 395 1032 446 optandum
1058 395 1167 433 nobis
1186 392 1290 431 vide-

178 450 301 487 batur.
341 448 429 498 Ego
449 448 565 496 enim,
587 448 654 498 qui
672 450 720 486 ab
738 448 892 486 ineunte
912 457 1020 487 aetate
1038 450 1212 487 incensus
1231 452 1288 485 es*-

177 515 257 540 sem
290 502 415 541 studio
446 502 644 552 utriusque
677 504 858 549 vestrum,
893 502 1019 541 Crassi
1051 515 1139 540 vero
1172 501 1287 539 etiam

176 569 318 604 amore,
349 568 437 593 cum
458 556 506 592 ab
526 568 568 593 eo
588 568 778 606 nusquam
798 556 1040 603 discederem,
1061 558 1220 594 verbum
1240 567 1288 592 ex

176 623 221 648 eo
247 621 448 660 nunquam
474 608 605 646 elicere
630 609 738 659 potui
764 609 812 646 de
830 610 867 647 vi
886 622 929 648 ac
953 610 1097 648 ratione
1123 608 1287 656 dicendi,

175 677 265 701 cum
293 671 329 701 et
355 676 422 714 per
445 663 717 713 memetipsum
749 664 922 714 egissem,
953 671 989 701 et
1017 677 1084 714 per
1113 663 1286 700 Drusum

176 731 276 768 saepe
304 716 533 755 tentassem:
564 729 641 767 quo
670 717 711 753 in
740 730 876 767 genere
905 725 962 765 tu,
993 717 1156 764 Antoni,
1186 719 1290 759 (vere

174 772 327 822 loquar)
365 782 566 820 nunquam
602 770 713 817 mihi,
745 771 982 821 percontanti
1012 778 1079 809 aut
1105 769 1289 822 quaerenti

175 825 336 876 ahquid,
371 823 549 869 defuisti3
588 830 625 861 et
655 837 821 876 persaepe
852 837 915 862 me
896 851 929 873 ,
963 838 1050 876 quae
1083 825 1217 862 soleres
1248 823 1289 861 in

174 879 334 917 dicendo
352 879 564 925 observare,
583 876 755 915 docuisti.
786 879 918 926 Nunc,
933 879 1116 929 quoniam
1127 885 1290 929 uterque

174 935 343 972 vestrum
374 931 552 982 patefecit
584 944 715 968 earum
752 945 880 970 rerum
917 932 1088 983 ipsarum
1124 932 1286 980 aditum,

175 1000 270 1038 quas
295 985 517 1047 quaerimus,
545 991 582 1022 et
607 986 789 1036 quoniam
819 987 993 1037 princeps
1023 987 1181 1024 Crassus
1207 987 1290 1034 ejus

175 1040 358 1079 sermonis
385 1038 556 1077 ordiendi
580 1038 668 1086 fuit,
696 1039 782 1076 date
807 1040 915 1078 nobis
933 1040 1032 1078 hanc
1058 1039 1222 1087 veniam,
1244 1047 1289 1076 ut

174 1107 231 1144 ea,
261 1108 349 1146 quae
373 1092 518 1131 sentitis
545 1092 591 1130 de
617 1092 722 1130 omni
747 1106 882 1143 genere
912 1093 1075 1142 dicendi,
1103 1093 1290 1132 subtiliter

173 1147 468 1200 persequamini.
515 1146 633 1193 Quod
659 1146 815 1197 quidem
843 1147 874 1185 si
900 1148 970 1185 erit
1001 1161 1023 1185 a
1041 1147 1176 1186 vobis
1166 1160 1289 1198 lmpe-

173 1210 332 1250 tratum,
362 1213 544 1251 magnam
571 1200 732 1248 habebo,
762 1200 907 1249 Crasse,
933 1201 1024 1239 huic
1048 1202 1233 1252 palaestrae
1252 1207 1290 1239 et

175 1256 398 1294 Tusculano
423 1261 490 1292 tuo
515 1254 702 1304 gratiam3
733 1261 770 1291 et
793 1255 906 1306 longe
930 1255 1152 1293 Academiae
1170 1255 1228 1292 illi
1246 1267 1290 1294 ac

175 1310 304 1362 Lyceo
341 1316 454 1347 tuum
490 1308 562 1346 hoc
599 1309 864 1346 suburbanum
900 1309 1145 1360 gymnasium
1182 1318 1288 1348 ante-

173 1377 328 1415 ponam.

229 1417 376 1456 XXII.
405 1415 513 1454 Tum
545 1415 624 1464 ille,
658 1415 788 1453 Immo
820 1429 921 1464 vero,
951 1416 1091 1468 inquit,
1126 1416 1286 1468 Sulpici,

172 1484 351 1533 rogemus
375 1469 609 1530 Antonium,
631 1469 699 1521 qui
717 1477 753 1508 et
770 1477 894 1520 potest
911 1470 1032 1509 facere
1050 1470 1090 1507 id
1109 1471 1213 1521 quod
1230 1484 1289 1509 re-

173 1526 308 1578 quiris,
339 1531 376 1563 et
400 1523 608 1571 consuevit,
635 1531 680 1561 ut
705 1530 743 1561 te
767 1524 881 1562 audio
909 1524 1042 1563 dicere.
1086 1525 1193 1562 Nam
1222 1537 1287 1562 me

174 1579 333 1630 quidem
357 1579 476 1616 fateor
503 1590 650 1628 semper
677 1591 700 1615 a
728 1590 864 1628 genere
896 1577 967 1616 hoc
992 1586 1072 1616 toto
1103 1579 1287 1616 sermonis

172 1633 368 1683 refugisse,
399 1640 436 1669 et
464 1632 535 1669 tibi
564 1631 731 1681 cupienti
756 1639 870 1682 atque
897 1631 1053 1670 instanti
1082 1632 1287 1683 saepissime

171 1687 342 1737 negasse,
371 1691 416 1722 ut
440 1692 522 1723 tute
546 1685 661 1735 paulo
687 1692 774 1723 ante
800 1684 939 1723 dixisti.
984 1685 1101 1733 Quod
1120 1698 1189 1736 ego
1207 1698 1285 1724 non

171 1740 350 1791 superbia
375 1751 500 1790 neque
518 1739 798 1776 inhumanitate
816 1738 1016 1787 faciebam,
1047 1751 1171 1790 neque
1206 1752 1291 1791 quo-

171 1800 239 1832 tuo
262 1793 387 1832 studio
405 1792 611 1830 rectissimo
631 1800 745 1843 atque
764 1793 909 1843 optimo
934 1805 1010 1830 non
1030 1793 1187 1844 obsequi
1206 1793 1285 1831 vel-

171 1848 263 1896 lem,
292 1846 501 1899 praesertim
520 1858 609 1883 cum
629 1852 666 1883 te
684 1859 807 1883 unum
828 1859 875 1883 ex
894 1846 1072 1884 omnibus
1089 1847 1138 1883 ad
1157 1847 1285 1884 dicen-

171 1902 267 1940 dum
303 1900 472 1941 maxime
509 1907 657 1946 natum,
696 1906 908 1950 aptumque
943 1902 1178 1950 cognossem,
1205 1900 1283 1949 sed,

170 1955 399 2002 mehercule,
444 1953 552 1991 istius
596 1953 861 2003 disputationis
905 1954 1119 2002 insolentia,
1168 1961 1289 2005 atque

170 2022 303 2048 earum
327 2020 469 2054 rerum,
497 2020 583 2058 quae
602 2007 710 2057 quasi
727 2007 768 2043 in
787 2014 865 2044 arte
884 2007 1100 2054 traduntur,
1121 2007 1281 2046 inscitia.

171 2064 280 2101 Tum
300 2061 425 2109 Cotta,
454 2060 650 2107 Quoniam
676 2060 729 2108 id,
757 2060 861 2112 quod
880 2061 1149 2099 difficillimum
1175 2061 1285 2100 nobis

168 2117 380 2164 videbatur,
397 2122 441 2153 ut
455 2115 612 2153 omnino
625 2114 672 2152 de
686 2114 745 2152 his
759 2116 886 2163 rebus,
905 2114 1051 2162 Crasse,
1071 2115 1281 2167 loquerere,

168 2170 325 2211 assecuti
347 2182 505 2215 sumus;
535 2168 582 2208 de
601 2167 747 2221 reliquo
761 2169 844 2219 jam
863 2175 991 2209 nostra
1015 2169 1129 2222 culpa
1152 2168 1281 2219 fuerit,

778 2282 785 2299 ¹
