1429 2344
142 71 218 110 100
246 70 323 110 DE
345 71 732 124 INVENTIONE,
754 72 854 112 LIB.
871 71 930 112 ΙΙ.
951 71 1055 112 CAP.
1071 73 1137 113 39.

137 177 251 227 boris,
268 186 335 218 aut
348 179 521 218 Deorum
534 181 726 230 bonitatis,
746 180 949 232 praemium
968 180 1039 219 sibi
1053 179 1218 231 postulet
1231 190 1245 225 ς

139 243 235 269 num
260 233 465 283 aliquando
491 234 571 285 ipse
597 235 713 272 talem
735 236 787 273 <ob
812 247 964 272 causam
991 233 1148 285 praemio
1175 232 1247 270 ali-
1299 233 1301 235 ’

140 298 257 336 quem
276 286 374 324 affici
392 287 540 337 negarit
556 294 750 338 oportere3
776 295 842 325 aut
852 301 947 325 num
962 288 1044 337 jam
1059 286 1162 334 satis,
1177 298 1246 337 pro

141 351 186 376 eo
205 339 307 390 quod
325 339 467 388 fecerit,
493 341 612 379 honos
630 341 782 379 habitus
801 342 873 387 sit3
903 349 970 378 aut
987 353 1082 378 num
1100 351 1249 378 necesse

141 391 255 430 fuerit
274 393 308 430 ei
326 393 447 432 facere
465 394 518 441 id,
540 394 643 445 quod
661 394 813 439 fecerit3
835 402 902 432 aut
919 407 1014 432 num
1028 391 1249 442 hujusmodi

142 446 190 483 sit
219 445 377 494 factum,
405 455 462 495 ut,
490 448 563 485 nisi
588 448 745 496 fecisset,
774 448 959 499 supplicio
984 447 1121 498 dignus
1140 452 1249 493 esset,

140 510 232 546 non,
263 500 353 550 quia
382 500 522 548 fecerit,
553 501 736 552 praemi03
766 509 832 539 aut
857 514 953 538 num
982 507 1070 538 ante
1096 507 1248 550 tempus

140 553 344 602 praemium
362 561 478 604 petat,
500 562 537 592 et
551 568 656 605 spem
675 555 855 592 incertam
875 561 974 592 certo
988 553 1154 591 venditet
1166 565 1252 603 pre-

143 605 219 651 tio;
243 613 308 643 aut
326 619 436 655 num,
457 620 533 658 quo
548 609 777 659 supplicium
798 607 955 658 aliquod
973 607 1080 654 vitet,
1097 619 1140 644 eo
1154 619 1251 657 prae-

141 659 268 697 mium
291 662 468 710 postulet,
497 662 554 699 uti
582 662 628 700 de
653 675 691 700 se
715 661 980 713 praejudicium
1003 660 1148 698 factum
1174 671 1254 697 esse

147 713 329 751 videatur.

199 766 402 806 XXXIX.
425 769 473 806 In
492 769 639 820 praemii
658 776 786 807 autem
801 781 948 820 genere,
970 767 1064 821 quid
1078 774 1114 805 et
1129 778 1252 818 quan-

141 827 230 857 tum
263 828 299 858 et
331 825 579 873 quamobrem
609 824 834 874 postuletur,
866 828 903 859 et
934 834 1010 873 quo
1043 827 1080 858 et
1111 827 1254 871 quanto

145 887 306 925 quaeque
321 888 378 913 res
391 878 547 926 praemio
562 878 678 928 digna
691 877 751 924 sit,
768 875 1086 915 considerabitur:
1103 873 1252 922 deinde,

142 928 249 977 apud
267 930 441 977 majores,
462 931 601 981 quibus
619 931 839 968 hominibus
856 936 893 967 et
911 929 1049 979 quibus
1068 927 1115 965 de
1133 927 1255 965 causis

146 981 231 1018 talis
249 981 368 1019 1101105
383 983 430 1019 sit
443 983 608 1033 habitus,
630 991 843 1035 quaeretur3
861 982 1009 1030 deinde,
1029 994 1078 1019 ne
1090 981 1122 1018 is
1136 981 1256 1018 honos

142 1034 312 1072 nimium
330 1045 565 1087 pervagetur.
605 1037 738 1088 Atque
755 1037 817 1074 hic
837 1037 931 1084 ejus,
953 1035 1020 1086 qui
1038 1041 1168 1073 contra
1186 1034 1255 1071 ali-

142 1101 264 1138 quem
289 1090 492 1139 praemium
517 1092 771 1141 postulantem
798 1090 909 1138 dicet,
937 1089 1041 1126 locus
1067 1087 1136 1126 erit
1155 1100 1258 1125 com-

148 1142 302 1187 munis;
331 1144 488 1193 praemia
506 1144 654 1182 virtutis
674 1152 710 1182 et
731 1143 843 1181 officii
861 1150 988 1180 sancta
1007 1149 1043 1180 et
1061 1148 1162 1179 casta
1181 1153 1259 1178 esse

149 1202 333 1245 oportere,
362 1209 486 1247 neque
511 1210 554 1235 ea
579 1206 645 1236 aut
664 1211 751 1236 cum
770 1196 952 1248 improbis
971 1194 1257 1242 communicari,

143 1255 218 1285 aut
241 1249 282 1285 in
307 1250 558 1289 mediocribus
582 1252 802 1289 hominibus
823 1249 1063 1301 pervulgari=
1094 1255 1131 1286 et
1149 1248 1257 1296 alter,

151 1302 279 1339 minus
297 1303 468 1342 homines
488 1305 636 1343 virtutis
655 1305 810 1356 cupidos
823 1304 917 1351 fore,
937 1302 1086 1341 virtutis
1103 1300 1260 1353 praemio

151 1356 398 1407 pervulgato3
435 1371 521 1408 quae
549 1359 651 1396 enim
680 1371 764 1396 rara
797 1365 833 1395 et
863 1356 982 1394 ardua
1014 1356 1102 1402 sint,
1137 1367 1181 1392 ea
1212 1366 1260 1392 ex

144 1410 308 1459 -praemio
327 1411 486 1460 pulchra
505 1419 541 1449 et
556 1413 727 1461 jucunda
744 1411 962 1450 hominibus
974 1408 1111 1447 videri:
1137 1414 1174 1446 et
1187 1414 1262 1445 ter-

151 1463 242 1510 tius,
273 1463 304 1500 si
329 1464 522 1513 exsistant,
544 1466 611 1516 qui
630 1466 732 1517 apud
750 1466 911 1514 majores
929 1470 1074 1500 nostros
1092 1463 1140 1500 ob
1159 1473 1263 1511 egre-

153 1516 257 1565 giam
288 1515 466 1555 virtutem
491 1519 559 1556 tali
583 1520 725 1557 honore
753 1518 899 1569 dignati
923 1524 1036 1562 sunt3
1066 1527 1192 1553 nonne
1215 1514 1264 1552 de

154 1569 224 1606 sua
242 1570 375 1619 gloria,
397 1584 485 1608 cum
504 1573 586 1622 pari
604 1573 762 1623 praemio
779 1572 873 1609 tales
891 1570 1064 1608 homines
1089 1568 1187 1606 affici
1205 1568 1263 1605 vi-

154 1622 282 1670 deant,
303 1623 460 1661 delibari
474 1633 609 1675 putent
624 1628 640 1664 P
661 1634 698 1663 et
712 1638 843 1663 eorum
858 1622 1104 1670 enumeratio,
1124 1630 1162 1659 et
1174 1634 1264 1659 cum

154 1675 222 1724 eis,
244 1689 337 1726 quos
357 1686 485 1715 contra
504 1679 615 1727 dicat,
637 1679 878 1729 comparatio.
917 1677 1016 1726 Ejus
1035 1682 1176 1723 autem,
1196 1675 1265 1726 qui

155 1730 359 1779 praemium
378 1738 493 1781 petet,
514 1732 603 1770 facti
622 1733 680 1770 sui
699 1731 956 1782 amplificatio,
976 1736 1013 1767 et
1031 1741 1176 1776 eorum,
1197 1728 1267 1779 qui

156 1783 313 1832 praemio
327 1784 449 1821 affecti
464 1793 565 1833 sunt,
581 1798 670 1823 cum
684 1786 760 1823 suis
774 1785 881 1822 factis
895 1782 1094 1822 contentio.
1115 1781 1266 1819 Deinde

153 1843 307 1874 caeteros
326 1850 349 1874 a
367 1837 515 1876 virtutis
534 1839 658 1876 studio
676 1839 871 1889 repulsum
889 1837 949 1885 iri,
971 1836 1002 1874 si
1015 1836 1095 1886 ipse
1107 1835 1266 1886 praemio

158 1901 235 1926 non
269 1890 316 1926 sit
348 1890 513 1929 affectus.
562 1892 775 1930 Facultates
807 1899 936 1929 autem
968 1889 1264 1936 considerantur,

150 1955 248 1980 cum
273 1943 427 1993 aliquod
456 1946 703 1995 pecuniarum
731 1945 933 1996 praemium
958 1942 1195 1994 postulatur3
1224 1942 1266 1979 in

148 2009 250 2046 quo,
276 2003 407 2034 utrum
426 1998 533 2048 copia
552 1998 599 2036 sit
621 1999 715 2049 agri,
737 1998 992 2048 vectigalium,
1013 1996 1196 2047 pecuniae,
1217 2007 1266 2033 an

156 2049 330 2100 penuria,
355 2051 620 2089 consideratur.
668 2052 762 2090 Loci
787 2063 1021 2098 communes,
1050 2049 1266 2088 Facultates

157 2115 309 2152 augere,
322 2115 399 2141 non
417 2105 588 2143 minuere
606 2112 788 2156 oportere,
810 2112 860 2154 et,
881 2103 1153 2154 Impudentem
1173 2115 1267 2151 esse,

153 2156 226 2207 qui
256 2169 325 2208 pro
356 2158 537 2198 beneficio
567 2171 644 2198 non
672 2159 849 2210 gratiam,
878 2170 1012 2199 verum
1039 2155 1267 2204 mercedem,
