1429 2344
175 59 210 96 vi
539 62 893 104 CATALOGUS.

609 172 751 212 TOM.
785 171 858 211 IV.

176 238 241 280 De
256 243 518 294 Divinatione,
534 246 643 285 Libri
662 247 751 285 duo.

178 295 243 335 De
262 298 372 337 Fato.

176 349 242 389 De
260 352 445 403 Legibus,
468 353 578 392 Libri
602 362 689 393 tres.

176 403 242 442 De
261 405 422 454 Officiis,
444 407 555 446 Libri
571 416 657 447 tres.

179 457 245 496 De
264 461 478 500 Senectute.

117 508 165 553 'fs
176 511 243 551 De
261 514 462 553 Amicitia.

176 565 393 610 Paradoxa.

170 620 374 660 Somnium
394 622 596 674 Scipionis.

171 673 360 722 Timaeus,
381 676 460 715 sive
480 676 545 716 De
559 677 830 717 Universitate.

172 726 445 778 Phaenomena,
466 743 514 768 ex
534 732 669 770 Arato.

629 851 773 891 TOM.
802 852 854 890 V.

441 928 506 977 qui
529 928 761 966 orationum
778 927 926 979 primus
952 934 1020 967 est.

181 979 399 1028 Orationes,

230 1032 307 1072 Pro
326 1034 373 1074 P.
394 1034 569 1083 Quintio.

230 1086 307 1125 Pro
322 1089 362 1127 S.
383 1089 522 1128 Roscio
535 1090 739 1128 Amerino.

228 1140 305 1179 Pro
324 1142 376 1190 Q.
389 1143 541 1189 Roscio,
565 1142 761 1182 Comoedo.

228 1194 277 1234 In
299 1194 514 1243 Caeciljum,
536 1197 746 1235 Divinatio.

226 1248 275 1288 In
293 1250 456 1290 Verrem
476 1249 509 1288 Ι.
532 1251 778 1289 Prooemium.

480 1303 541 1343 ΙΙ.
562 1304 627 1343 De
648 1303 821 1343 Praeturii
839 1304 1010 1344 Urbana.

480 1357 561 1397 ΙΙΙ.
585 1359 648 1397 De
665 1359 694 1396 J
696 1358 937 1397 urisdictione
955 1359 1154 1400 Siciliensi.

479 1411 555 1452 IV.
574 1413 640 1451 De
659 1412 884 1451 Frumento.

477 1467 532 1505 V.
553 1467 619 1506 De
637 1466 779 1517 Signis.

607 1599 751 1640 TOM.
779 1600 857 1639 VI.

425 1676 492 1728 qui
512 1677 748 1717 orationum
764 1675 953 1715 secundus
972 1681 1039 1714 est.

181 1730 397 1778 Orationes,

230 1783 280 1821 In
298 1785 462 1824 Verrem
480 1783 556 1825 VI.
577 1783 642 1824 De
659 1782 877 1835 Suppliciis.

229 1837 307 1877 Pro
325 1839 497 1878 Fonteio.

229 1890 308 1931 Pro
323 1892 488 1932 Caecina.

227 1945 306 1985 Pro
324 1947 430 1999 Lege
448 1945 628 1986 Manilia.

225 1999 302 2039 Pro
323 1999 505 2041 Cluentio
521 2001 657 2041 Avito.

221 2053 287 2093 De
302 2054 408 2106 Lege
428 2055 593 2106 Agraria
611 2061 700 2093 tres.

218 2107 295 2147 Pro
316 2106 364 2148 C.
386 2108 562 2157 Rabirio,
587 2107 862 2160 perduellionis
880 2121 956 2147 reo.

215 2159 264 2199 In
285 2160 494 2201 Catilinam
521 2169 696 2214 quatuor.

218 2215 295 2254 Pro
309 2215 490 2255 Murena.
