1407 2308
159 58 236 98 DE
266 59 781 108 INVENTIONE,L113.
805 59 862 97 11.
892 59 995 98 CAP.
1018 58 1080 97 49.
1115 57 1183 95 111

85 166 185 204 volet
203 166 273 204 sibi
291 179 370 205 rem
397 181 420 204 a
445 168 665 218 magistratu
685 167 898 219 deposcit03
928 173 965 204 ct
990 164 1188 215 magistra·

84 225 145 256 tus
163 219 197 257 ei
219 220 432 258 concedito:
438 221 462 238 ''
491 228 528 258 et
552 221 669 258 altera
693 221 769 268 lex,
800 219 1026 270 “Tyranno
1051 216 1185 264 occiso,

83 272 252 323 quinque
278 274 359 322 ejus
387 274 580 324 proximos
606 274 826 324 cognatione
851 272 1092 323 magistratus
1121 282 1185 308 ne-

81 326 204 363 cato-’⁹
232 326 512 375 Alexandrum,
534 327 600 378 qui
619 327 720 378 apud
741 326 939 364 Pheraeos
929 338 969 362 1n
988 323 1187 361 Thessalia

83 379 320 428 tyrannidem
345 381 558 431 occuparat,
578 393 674 418 uxor
701 393 782 427 sua,
808 380 869 417 cui
888 379 1021 416 Thebe
1046 389 1185 414 nomen

82 431 169 480 fuit,
190 440 318 480 noctu,
338 446 427 471 cum
446 409 561 471 simui
579 435 746 481 cubaret,
767 432 910 470 occidit.
948 432 1043 469 Haec
1062 431 1186 467 filium

82 497 210 533 suum,
231 499 345 537 quem
364 500 411 524 ex
431 494 589 537 tyranno
606 486 782 534 habebat,
803 486 873 523 sibi
892 486 931 522 in
946 483 1091 535 praemii
1105 484 1187 521 loco

81 537 257 588 deposcit.
301 541 412 587 Sunt,
441 540 508 591 qui
541 553 587 578 ex
619 541 702 591 lege
729 552 889 591 puerum
917 537 1035 576 occidi
1062 537 1188 574 <licant

80 599 262 641 oportere.
292 593 370 631 Res
383 593 423 630 in
438 593 581 640 judicio
595 602 660 631 est.
691 593 739 630 In
753 593 824 630 hoc
837 604 972 643 genere
986 597 1188 641 utramque

81 643 121 680 in
140 652 286 694 partem
305 646 419 684 iidem
436 646 523 694 loci,
544 654 657 697 atque
683 646 813 684 eadem
835 651 1033 696 praecepta,
1054 656 1188 682 convc-

81 697 200 745 nicnt,
233 698 317 737 ideo
348 699 451 750 quod
483 707 640 750 uterque
667 712 775 737 suam
802 699 925 748 legem
952 697 1186 744 confirmare,

79 751 306 789 contrariam
325 752 529 801 infirmare,
549 752 710 791 debebit.
751 752 927 790 Primum
951 751 1068 801 igitur
1088 751 1189 800 leges

80 811 226 854 oportet
253 805 488 854 contendere,
517 805 797 853 considerando,
831 813 916 842 utra
941 804 1004 842 lex
1031 803 1080 841 ad
1106 816 1188 840 ma-

78 857 192 905 jores,
219 857 290 896 hoc
314 867 383 907 est,
410 859 458 896 ad
485 859 664 919 utiliores,
687 859 736 896 ad
760 857 988 896 honestiores
1007 869 1050 894 ac
1068 869 1156 906 mag³
1141 857 1190 893 is

83 910 304 949 necessarias
330 924 388 949 res
414 912 620 972 pertineat,
655 925 702 950 ex
730 923 807 962 quo
834 910 1042 958 conficitur,
1071 917 1128 957 ut,
1158 910 1189 947 si

82 963 183 1013 leges
201 963 301 1012 duae,
321 971 388 1002 aut
401 965 432 1002 si
445 965 589 1016 plures,
609 972 676 1003 aut
693 971 881 1016 quotquot
899 970 1022 1012 erunt,
1043 975 1189 1001 conser-

83 1016 162 1054 vari
180 1028 256 1055 non
270 1017 427 1068 possint,
443 1018 534 1069 quia
547 1018 756 1069 discrepent
769 1017 866 1055 inter
879 1030 938 1056 se·
927 1045 938 1063 ‚
964 1029 1008 1055 ea
1020 1016 1190 1054 maxime

83 1070 338 1109 conservanda
354 1079 522 1121 putetur,
543 1085 629 1123 quae
646 1072 695 1109 ad
713 1071 901 1109 maximas
922 1083 980 1108 res
1005 1069 1191 1130 pertinere

84 1122 277 1161 videatur.
311 1123 460 1174 deinde,
486 1132 572 1162 utra
595 1125 658 1163 lex
682 1124 866 1176 posterius
890 1124 968 1162 lata
992 1124 1065 1169 sit3
1099 1135 1190 1160 nam

82 1182 273 1226 postrema
299 1189 461 1229 quaeque
487 1178 706 1229 gravissima
733 1185 813 1216 est.
852 1176 988 1215 deinde
1013 1183 1100 1214 utra
1127 1176 1190 1214 lex

80 1230 215 1278 juboet
231 1230 390 1281 aliquid,
409 1238 496 1269 utra
513 1232 729 1282 permittat:
759 1243 849 1268 nam
868 1230 922 1278 id,
943 1230 1045 1281 quod
1068 1229 1190 1280 impe-

84 1289 203 1331 ratur,
223 1283 497 1330 necessarium3
527 1284 637 1334 illud,
665 1284 768 1335 quod
792 1283 1036 1335 permittitur,
1057 1282 1205 1321 volun-⁴

85 1335 224 1374 tarium
239 1343 313 1374 est:
338 1337 473 1376 deinde
486 1337 526 1375 in
540 1338 627 1375 utra
640 1338 737 1387 lege,
753 1338 784 1375 si
798 1349 874 1375 non
888 1338 1190 1386 obtemperatum

84 1388 146 1436 sit,
162 1389 273 1439 poena
284 1389 480 1438 afficiatur,
494 1398 560 1428 aut
570 1391 610 1428 in
625 1391 713 1428 utra
725 1391 847 1439 major
860 1402 970 1441 poena
983 1396 1190 1435 statuatur3

84 1453 176 1478 nam
194 1442 362 1480 maxime
380 1443 632 1482 conservanda
650 1450 705 1482 est
726 1456 782 1491 ea,
803 1457 889 1494 quae
910 1442 1194 1493 diligentissime

84 1502 213 1533 sancta
231 1503 308 1533 est:
339 1495 474 1535 deinde
491 1504 577 1534 utra
597 1497 660 1534 lex
681 1497 826 1545 jubeat,
846 1503 933 1534 utra
949 1502 1072 1542 vetet;
1101 1507 1192 1533 nam

84 1560 185 1598 saepe
204 1561 260 1596 ea,
281 1562 367 1599 quae
385 1556 498 1598 vetat,
519 1549 626 1601 quasi
651 1550 867 1600 exceptione
889 1549 1056 1601 quadam
1080 1549 1193 1587 corri-

83 1613 173 1651 gere
191 1601 338 1639 videtur
362 1602 482 1651 illam,
509 1616 595 1654 quae
616 1604 749 1652 jubetz
779 1602 928 1651 deinde,
955 1609 1041 1640 utra
1064 1602 1127 1640 lex
1145 1602 1193 1640 de

85 1667 220 1715 genere
244 1655 363 1703 omni,
391 1663 476 1694 utra
502 1656 549 1694 de
573 1663 678 1707 parte
703 1656 884 1707 quadam,
911 1663 997 1693 utra
1019 1668 1191 1693 commu-

87 1707 184 1745 niter
202 1707 242 1745 in
259 1708 400 1759 plures,
420 1715 506 1746 utra
523 1709 563 1746 in
581 1709 750 1760 aliquam
775 1716 915 1747 certam
939 1721 1034 1757 rem,
1054 1708 1192 1759 scripta

89 1760 283 1806 videatur;
312 1773 403 1798 nam
425 1775 512 1813 quae
535 1763 575 1799 in
600 1769 745 1813 partem
771 1762 954 1813 aliquam,
982 1769 1019 1800 et
1041 1775 1128 1812 quae
1152 1762 1191 1799 in

87 1820 228 1851 certam
246 1814 454 1865 quamdam
466 1828 546 1853 rem
561 1815 698 1866 scripta
711 1822 778 1863 est,
798 1814 1022 1866 [promtius]
1039 1815 1087 1852 ad
1102 1828 1190 1853 cau-

88 1879 170 1904 sam
195 1867 366 1906 accedere
391 1868 551 1917 videtur,
581 1876 617 1906 et
643 1868 690 1906 ad
715 1869 903 1917 judicium
927 1868 1049 1918 magis
1076 1867 1190 1918 perti-

86 1931 200 1958 nere:
228 1920 375 1969 deinde,
396 1933 443 1959 ex
461 1922 545 1971 lege
563 1928 693 1959 utrum
712 1921 839 1959 statim
858 1921 938 1959 fieri
956 1933 1101 1959 necesse
1116 1920 1188 1964 sit,
1178 1933 1187 1943 ·

89 1979 219 2011 utrum
250 1973 387 2011 habeat
417 1974 554 2025 aliqua
548 1987 585 2012 n
617 1987 764 2013 moram
791 1981 828 2012 et
855 1974 1188 2012 sustentationem·
1176 2000 1189 2018 ,

90 2037 179 2063 nam
211 2026 266 2073 id,
300 2026 402 2077 quod
434 2027 561 2065 statim
590 2027 708 2065 facien
695 2028 804 2065 dum
837 2027 897 2075 sit,
930 2027 1057 2078 perfici
1086 2026 1191 2085 prius

90 2085 258 2127 oportet.
285 2079 420 2117 deinde
437 2092 589 2141 operam
608 2081 710 2128 darc,
731 2088 774 2118 ut
791 2093 861 2118 sua
878 2080 969 2117 lex
959 2092 1040 2130 ipso
1057 2079 1193 2129 scripto

93 2130 261 2170 videatur
287 2132 382 2180 niti;
411 2133 594 2172 contraria
620 2141 747 2172 autem
773 2140 839 2171 aut
863 2146 928 2183 per
953 2132 1192 2182 ambiguum,
