1429 2344
145 108 219 146 132
301 106 379 145 DE
408 105 703 156 ORATORE,
726 106 824 145 L113.
843 107 876 145 Ι.
898 106 1003 146 CAP.
1024 108 1084 146 10.

141 215 406 266 moenibusque
431 214 586 266 sepsisse
599 216 617 253 ,9
647 222 714 253 aut
746 227 833 253 vero
865 215 1029 267 reliquas
1053 214 1248 262 utilitates,

139 276 207 306 aut
224 269 264 306 in
283 268 551 307 constituendis
566 276 632 306 aut
650 268 912 307 conservandis
929 268 1158 316 civitatibus,
1171 280 1249 305 non

140 336 163 360 a
182 323 412 374 sapientibus
431 330 468 360 et
486 322 646 360 fortibus
664 321 766 370 viris,
787 322 852 360 sed
871 336 894 360 a
906 322 1052 360 disertis
1066 329 1103 360 et
1120 329 1251 360 ornate

140 376 365 424 dicentibus,
386 389 464 414 esse
489 376 739 414 constitutas?
768 376 837 414 An
856 389 943 415 vero
969 375 1038 414 tibi
1056 376 1250 414 Romulus

142 430 207 468 ille
225 438 292 468 aut
309 437 475 481 pastores
490 436 526 467 et
539 442 724 467 convenas
738 430 995 480 congregasse,
1009 436 1075 467 aut
1089 429 1249 468 Sabino-

142 496 230 521 rum
250 483 438 522 connubia
459 483 712 532 conjunxisse,
732 493 800 521 aut
823 483 1074 521 finitimorum
1092 483 1171 521 vim
1196 496 1254 520 re-

140 538 328 588 pressisse,
346 537 561 589 eloquentia
573 537 733 585 videtur,
748 549 825 575 non
844 537 998 576 consilio
1016 543 1054 574 et
1072 536 1256 588 sapientia

144 591 356 642 singulari?
381 591 490 639 Quid
504 591 634 630 enim?
663 591 704 628 in
720 591 856 629 Numa
871 590 1225 641 Pompilio—quid
1235 591 1254 628 ,9

144 644 185 682 111
211 646 290 683 Ser.
311 645 601 696 Tullo—quid
618 647 635 683 ?
668 645 707 682 in
727 645 870 683 caeteris
896 644 1062 695 regibus,
1089 656 1256 695 quorum

144 699 268 736 multa
287 706 376 738 sunt
402 699 542 737 eximia
567 698 616 736 ad
636 698 938 737 constituendam
963 698 1255 749 rempublicam,

146 765 243 790 num
270 753 374 804 quod
411 753 635 804 eloquentiae
667 753 869 803 vestigium
898 753 1086 803 apparet?
1114 751 1223 799 Quid
1236 753 1256 789 ?

146 807 286 845 exactis
313 807 479 857 regibus,
510 807 678 849 (tametsi
704 806 828 857 ipsam
853 805 1088 844 exactionem
1114 812 1258 852 mente,

147 873 223 898 non
249 861 396 911 lingua,
422 860 628 922 perfectam
653 861 701 898 L.
721 860 836 899 Bruti
861 873 939 898 esse
961 859 1165 905 cemimus)
1194 833 1261 896 sed

147 914 322 966 deinceps
337 915 480 962 omnia,
494 926 620 952 nonne
633 915 747 965 plena
765 913 1046 962 consiliorum,'
1035 912 1164 950 mania
1177 925 1261 951 ver-

148 969 301 1016 borum,
322 968 518 1006 videmus.
509 971 527 996 9
560 968 648 1019 Ego
667 981 754 1006 vero
773 968 804 1006 si
823 968 938 1006 velim
958 974 995 1005 et
1013 974 1149 1004 nostrae
1167 966 1259 1005 civi-

149 1023 237 1060 tatis
256 1022 440 1073 exemplis
459 1022 530 1070 uti,
551 1029 588 1060 et
606 1022 784 1069 aliarum,
803 1022 916 1072 plura
933 1020 1100 1072 proferre
1117 1020 1260 1071 possim

151 1076 378 1114 detrimenta
395 1075 557 1126 publicis
571 1077 698 1123 rebus,
718 1088 837 1127 quam
856 1074 1093 1124 adjumenta,
1107 1087 1175 1125 per
1192 1073 1263 1111 ho-

152 1130 274 1168 mines
304 1129 630 1190 eloquentissimos
658 1130 888 1180 importata·
929 1128 1008 1176 sed,
1041 1135 1086 1166 ut
1116 1127 1264 1179 reliqua

152 1183 455 1235 praetermittam,
469 1183 644 1221 omnium
657 1183 754 1220 mihi
768 1182 909 1230 videor,
923 1182 1103 1233 exceptis,
1117 1181 1264 1229 Crasse,

153 1238 258 1276 vobis
278 1237 426 1285 duobis,
449 1237 774 1288 eloquentissimos
792 1237 943 1274 audisse
957 1235 1021 1273 Ti.
1038 1242 1075 1273 et
1089 1235 1135 1274 C.
1156 1236 1265 1273 Sem-

154 1292 321 1343 pronios,
353 1304 520 1342 quorum
555 1297 675 1342 pater,
708 1291 825 1329 homo
855 1289 1023 1342 prudens
1055 1296 1092 1327 et
1122 1289 1261 1340 gravis,

155 1346 458 1397 haudquaquam
487 1345 681 1396 eloquens,
713 1352 750 1383 et
778 1357 877 1396 saepe
902 1343 1009 1392 alias,
1035 1349 1073 1381 et
1096 1342 1266 1381 maxime

156 1412 299 1447 censor,
321 1399 434 1437 saluti
452 1398 669 1450 reipublicae
686 1398 772 1437 fuit.
799 1397 962 1450 Atque
951 1410 983 1435 is
1001 1409 1078 1435 non
1091 1397 1267 1435 accurata

157 1453 326 1514 quadam
345 1452 524 1491 orationis
542 1453 666 1504 copia,
687 1452 752 1490 sed
770 1460 869 1490 nutu
887 1458 1002 1503 atque
1020 1453 1135 1489 verbo
1151 1450 1266 1488 liber-

156 1507 254 1545 tinos
273 1507 313 1544 in
332 1508 497 1544 urbanas
516 1506 636 1545 tribus
654 1506 871 1544 transtulit·
859 1534 871 1552 ,
901 1505 1006 1557 quod
1018 1504 1092 1543 nisi
1104 1504 1265 1553 fecisset,

156 1561 447 1612 rempublicam,
468 1572 587 1611 quam
606 1573 709 1598 nunc
726 1560 791 1598 vix
805 1567 992 1607 tenemus,
1002 1559 1084 1608 jam
1099 1558 1166 1596 diu
1180 1559 1268 1596 nul-

156 1615 237 1653 lam
255 1615 492 1652 haberemus.
521 1614 580 1651 At
599 1627 686 1653 vero
704 1615 785 1663 ejus
799 1613 869 1651 filii
882 1613 1025 1661 diserti,
1039 1620 1076 1651 et
1089 1611 1268 1651 omnibus

157 1669 218 1707 vel
236 1676 382 1706 naturae
402 1668 462 1705 vel
480 1667 659 1706 doctrinae
676 1667 858 1719 praesidiis
873 1667 922 1704 ad
939 1666 1142 1704 dicendum
1160 1678 1270 1716 para-

157 1722 201 1769 ti,
223 1735 312 1760 cum
331 1721 535 1768 civitatem,
556 1722 616 1759 vel
640 1728 797 1772 paterno
816 1720 970 1760 consilio
996 1720 1057 1758 vel
1074 1719 1183 1758 avitis
1209 1732 1269 1756 ar-

158 1776 232 1814 mis
251 1775 569 1822 florentissimam,
586 1775 826 1826 accepissent,
845 1774 919 1812 ista
934 1772 1116 1825 praeclar‘a
1132 1774 1271 1823 guber-

157 1829 313 1876 natrice,
341 1836 385 1866 ut
409 1828 478 1877 ais,
504 1827 715 1877 civitatum,
739 1827 968 1880 eloquentia,
992 1826 1268 1878 rempublicam

160 1883 448 1935 dissipaverunt.

214 1937 268 1975 X.
305 1935 437 1996 Quid
427 1937 444 1964 9
482 1936 585 1986 leges
621 1943 775 1985 veteres,
813 1948 1014 1987 moresque
1044 1935 1265 1984 maiorum·
1252 1963 1266 1980 ‚

160 1990 279 2043 quid.
270 1992 287 2018 9
316 1989 496 2040 auspicia,
526 1989 665 2041 quibus
694 1998 732 2028 et
760 2002 829 2040 ego
859 1998 896 2028 et
923 1997 981 2037 tu,
1006 1988 1152 2036 Crasse,
1181 2001 1274 2027 cum

159 2057 303 2095 magna
315 2043 532 2094 reipublicae
547 2044 667 2082 salute
681 2056 917 2094 praesumus;
939 2042 1052 2094 quid.
1042 2045 1060 2070 9
1075 2042 1274 2093 religiones

162 2107 200 2136 et
218 2097 468 2142 caerimoniae;
498 2097 615 2149 quid.
605 2100 623 2125 9
651 2097 764 2135 haec
750 2110 839 2146 Jura
856 2096 994 2145 civilia,
1010 2109 1097 2147 quae
1111 2096 1273 2147 jampri-

164 2151 281 2190 dem
272 2164 312 2189 111
332 2151 458 2189 nostra
475 2150 623 2188 familia
635 2150 715 2188 sine
730 2151 811 2189 ulla
829 2149 1053 2201 eloquentiae
1064 2149 1179 2188 laude
1191 2163 1273 2188 ver--

163 2212 319 2251 santur3
349 2216 445 2244 num
464 2212 531 2244 aut
548 2205 702 2245 inventa
715 2212 817 2253 sunt,
839 2211 905 2244 aut
923 2203 1087 2255 cognita,
1107 2210 1174 2243 aut
1191 2215 1274 2242 om..
