1428 2308
165 81 242 123 DE
272 82 655 127 INVENTIONE,
685 84 782 123 Lm.
801 82 858 123 ΙΙ.
889 83 992 123 ΟΛΡ.
1012 83 1071 122 10.
1128 83 1180 121 69

77 189 242 229 fortunae
259 204 336 230 esse
353 191 533 230 attributa
549 191 822 243 intelliguntur.
853 190 1021 228 Habitus
1039 197 1180 235 autem,

80 244 260 294 quoniam
281 245 322 282 in
348 245 477 295 aliqua
498 245 663 296 perfecta
692 252 728 282 et
757 245 940 282 constanti
970 243 1088 280 animi
1117 250 1183 280 aut

81 297 242 347 corporis
259 298 492 335 absolutione
518 298 697 344 consistit,
725 310 801 348 quo
819 298 859 334 in
879 309 1013 348 genere
1034 303 1088 334 est
1107 296 1181 333 vir-

80 356 155 395 tus,
176 350 339 397 scientia,
367 357 404 388 et
421 364 507 401 quae
525 351 708 389 contraria
726 358 838 395 sunt;
869 363 926 388 res
944 350 1039 400 ipsa,
1069 362 1182 386 causa

81 402 216 452 posita,
247 403 406 451 docebit,
437 404 571 454 ecquid
596 404 657 442 hic
675 416 826 454 quoque
842 403 946 441 locus
965 402 1183 452 suspicionis

79 455 261 493 ostendat.
301 456 406 494 Nam
433 456 635 494 affectionis
660 457 814 507 quidem
833 456 927 493 ratio
946 455 1181 506 perspicuam
1233 453 1238 458 '

79 507 172 545 solet
189 522 267 559 prae
285 521 324 547 se
341 522 466 560 gerere
484 511 750 558 conjecturam,
771 517 814 547 ut
833 522 952 568 amor,
972 508 1179 554 iracundia,

80 561 274 607 molestia;
295 569 490 613 propterea
507 563 609 613 quod
628 571 664 600 et
681 563 849 613 ipsorum
869 561 925 599 vis
942 561 1180 610 intelligitur,

78 621 117 650 et
135 627 221 664 quae
239 627 296 652 res
314 615 450 652 harum
468 616 635 666 aliquam
654 628 733 653 rem
748 622 1036 665 consequantur,
1057 614 1182 652 faciles

77 666 232 716 cognitu
262 675 360 706 sunt.
401 668 579 706 Studium
605 675 732 706 autem
759 669 939 718 quoniam
959 674 1013 704 est
1033 666 1181 704 assidua

78 726 117 756 et
135 720 334 758 vehemens
352 721 400 758 ad
418 721 585 772 aliquam
616 734 696 758 rem
721 721 908 771 applicata
934 720 1075 770 magna
1093 732 1180 757 cum

81 773 271 811 voluntate
289 774 495 834 occupatio,
516 773 623 812 facile
641 787 687 811 ex
707 786 750 811 eo
768 774 925 811 ducetur
943 781 1182 822 argumenta-

79 825 146 872 tio,
178 839 295 877 quam
325 839 382 864 res
411 827 492 877 ipsa
520 827 743 864 desiderabit
772 827 811 863 in
842 839 965 864 causa.
1006 825 1106 862 Item
1134 838 1182 863 ex

80 878 233 916 consilio
251 886 420 917 sumetur
438 879 582 930 aliquid
601 879 843 930 suspicionis.
876 891 965 916 nam
984 878 1182 916 consilium

79 938 135 968 est
161 932 305 982 aliquid
334 932 493 970 faciendi
520 945 595 970 non
622 932 828 970 faciendive
847 931 1056 982 excogitata
1074 931 1179 968 ratio.

78 984 173 1022 Jam
191 985 303 1033 facta,
335 993 371 1023 et
389 998 508 1033 casus,
541 992 578 1023 et
605 985 803 1033 orationes,
835 998 922 1036 quae
950 991 1038 1022 sunt
1056 984 1183 1021 omnia

79 1039 140 1078 (ut
164 1037 203 1075 in
229 1038 520 1076 confirmationis
544 1038 737 1098 praeceptis
767 1039 911 1076 dictum
939 1045 1012 1084 est)
1042 1037 1081 1074 in
1111 1037 1183 1074 tria

79 1097 249 1142 tempora
265 1091 476 1140 distributa,
497 1091 604 1130 facile
623 1092 691 1129 erit
709 1091 850 1151 videre,
863 1090 997 1151 ecquid
1009 1090 1179 1138 afferant,

79 1143 128 1180 ad
146 1145 398 1193 conjecturam
417 1145 728 1192 confirmandam,
750 1144 980 1195 suspicionis,

133 1196 186 1234 X.
214 1197 276 1235 Ac
293 1197 459 1248 personis
485 1198 639 1248 quidem
658 1211 714 1235 res
733 1210 786 1235 eae
803 1205 892 1235 sunt
910 1196 1114 1243 attributae,
1135 1209 1180 1234 ex

77 1250 217 1300 quibus
235 1251 410 1288 omnibus
428 1263 550 1288 unum
569 1251 608 1288 in
634 1252 760 1288 locum
787 1252 935 1297 coactis,
965 1250 1186 1288 accusatoris

79 1303 148 1340 erit
167 1303 438 1354 improbatione
455 1304 618 1341 hominis
638 1304 718 1340 uti:
752 1316 841 1340 nam
869 1316 982 1341 causa
1007 1303 1096 1340 facti
1116 1315 1182 1352 pa-

80 1368 165 1393 rum
185 1356 426 1394 firmitudinis
444 1356 571 1404 habet,
603 1356 674 1394 nisi
703 1357 852 1393 animus
884 1357 977 1404 ejus,
1010 1356 1076 1405 qui
1094 1355 1184 1392 insi-

80 1409 261 1455 mulatur,
291 1409 331 1446 in
362 1422 446 1446 eam
476 1409 723 1459 suspicionem
753 1409 974 1455 adducatur,
1007 1415 1050 1445 ut
1075 1421 1098 1445 a
1116 1408 1184 1445 tali

78 1462 194 1512 culpa
222 1473 297 1498 non
324 1461 493 1498 videatur
511 1462 756 1499 abhorruisse.
797 1462 852 1500 Ut
882 1461 983 1498 enim
1009 1460 1180 1498 animum

77 1514 237 1563 alicujus
254 1514 466 1564 improbare
492 1513 587 1551 nihil
616 1514 762 1562 attinet,
793 1526 881 1552 cum
912 1526 1035 1562 causa,
1067 1527 1183 1564 quare

79 1567 296 1617 peccaverit,
317 1579 391 1604 non
411 1567 638 1611 intercessit;
669 1567 719 1604 sic
738 1579 888 1604 causam
907 1566 1048 1617 peccati
1066 1566 1181 1604 inter-

78 1619 206 1657 cedere
234 1620 315 1657 leve
344 1627 412 1666 est,
445 1619 475 1657 si
502 1620 652 1657 animus
671 1620 768 1656 nulli
785 1619 911 1657 minus
930 1619 1095 1657 honestae
1123 1633 1182 1656 ra-

78 1672 171 1709 tioni
190 1672 310 1710 affinis
329 1672 547 1710 ostenditur.
578 1672 707 1719 Quare
734 1673 849 1709 vitam
869 1673 963 1720 ejus,
988 1685 1102 1722 quem
1122 1685 1181 1709 ar-

77 1725 175 1775 guit,
196 1738 242 1763 ex
260 1733 346 1763 ante
365 1725 471 1763 factis
498 1733 687 1763 accusator
713 1726 924 1775 improbare
951 1725 1115 1772 debebit,
1146 1733 1182 1762 et

77 1779 284 1826 ostendere,
315 1779 345 1816 si
375 1791 451 1828 quo
478 1779 515 1815 in
544 1779 625 1829 pari
642 1786 728 1816 ante
747 1786 894 1828 peccato
913 1778 1103 1816 convictus
1123 1778 1181 1816 sit.

77 1831 119 1869 Si
137 1831 176 1868 id
195 1843 270 1869 non
288 1831 448 1881 poterit3
475 1832 506 1869 si
524 1844 639 1882 quam
659 1831 698 1868 in
718 1831 880 1869 similem
899 1838 985 1868 ante
1004 1831 1181 1881 suspicio-

78 1896 166 1921 nem
185 1885 338 1931 venerit,
370 1897 413 1922 ac
431 1884 611 1930 maxime,
643 1884 674 1921 si
693 1884 772 1921 fieri
797 1884 946 1934 poterit,
979 1884 1092 1922 simili
1111 1883 1180 1920 ali-

76 1949 153 1987 quo
170 1937 210 1974 in
229 1950 362 1987 genere
390 1937 557 1986 ejusdem
587 1937 690 1975 modi
717 1937 830 1974 causa
856 1936 985 1987 aliqua
1012 1948 1178 1974 commo-

76 1996 159 2026 tum
178 1991 359 2040 peccasse,
380 1998 445 2027 aut
463 1990 502 2027 111
522 2003 627 2040 aeque
646 2002 785 2039 magna
804 2003 856 2036 re,
874 1996 943 2027 aut
962 1989 1000 2026 in
1020 1990 1175 2037 majore,

74 2047 142 2078 aut
159 2042 198 2079 in
217 2043 385 2087 11111101·ος
418 2050 461 2080 ut
479 2043 524 2089 si,
545 2056 658 2094 quem
678 2043 837 2102 pecunia
861 2042 959 2080 dicat
978 2041 1174 2078 inductum

77 2094 216 2141 fecisse,
248 2096 363 2146 possit
392 2096 643 2134 demonstrare
661 2096 817 2146 aliqua
808 2108 845 2132 111
867 2108 904 2132 re
924 2096 1003 2143 ejus
1023 2093 1175 2144 aliquod

76 2147 219 2185 factum
237 2161 402 2186 avarum.
447 2149 571 2186 Item
562 2160 599 2185 111
621 2150 724 2186 omni
750 2161 859 2186 causa
891 2157 1078 2184 naturam.
1110 2155 1174 2184 aut
