1429 2344
143 64 195 119 94
250 60 327 102 DE
349 62 738 115 INVENTIONE,
759 66 856 105 Lm.
875 65 933 105 ΙΙ.
954 64 1059 106 ΟΑΡ.
1075 67 1141 105 32.

143 184 286 223 mento,
305 183 432 214 tamen
458 174 615 225 quidam
641 174 775 225 capitis
792 173 1047 212 arcessierunt.
1082 174 1250 212 Intentio

144 237 212 277 est,
235 229 394 277 Hostiae,
416 241 509 280 quas
527 227 689 266 debuisti
707 227 756 265 ad
774 227 1011 277 sacrificium,
1025 235 1161 279 praesw
1175 240 1252 266 non

146 283 311 320 fuerunt.
359 281 544 334 Depulsio
577 288 644 329 est,
678 282 873 320 concessio.
920 280 1049 330 Ratio,
1087 282 1253 319 Flumen

147 337 249 374 enim
268 336 392 374 subito
410 335 580 382 accrevit,
602 342 638 372 et
657 335 701 373 ea
721 348 761 373 re
780 334 925 373 traduci
943 347 1019 372 non
1037 340 1254 386 potuerunt.

148 390 361 428 Infirmatio
387 396 455 438 est,
490 388 654 437 Tamen,
685 388 880 439 quoniam,
912 389 1014 439 quod.
1041 389 1103 426 lex
1128 389 1251 437 jubet,

146 443 291 481 factum
317 456 394 480 non
414 450 481 491 est,
511 442 695 492 supplicio
719 442 857 492 dignus
883 455 933 480 es.
961 442 1156 480 Judicatio
1183 449 1252 489 est,

149 497 252 534 Cum
277 497 317 534 in
336 496 380 535 ea
398 510 438 534 re
456 495 643 534 redemtor
661 502 789 533 contra
805 496 929 546 legem
947 495 1089 543 fecerit,
1117 495 1195 546 qua
1213 495 1253 532 in

150 564 189 587 re
216 550 339 588 studio
358 551 439 599 ejus
462 549 586 588 subita
612 549 780 587 fluminis
804 548 988 587 obstiterit
1013 548 1252 600 magnitudo,

153 604 386 654 supplicione
405 604 542 654 dignus
561 603 638 642 sit?

203 657 389 694 XXXII.
406 657 654 695 Necessitudo
667 663 796 694 autem
809 656 982 705 infertur,
1002 668 1091 694 cum
1109 654 1257 707 vi,qu'a--

150 710 241 748 dam
269 724 354 749 reus
383 710 437 760 id,
471 710 573 761 quod
602 710 743 758 fecerit,
773 710 902 748 fecisse
931 709 1157 758 defenditur,
1185 709 1258 747 hoc

149 764 286 802 modo:
309 765 394 802 Lex
413 771 468 802 est
486 764 588 814 apud
607 764 792 813 Rhodios,
812 771 870 813 ut,
890 764 922 802 si
940 777 1018 815 qua
1033 770 1192 801 rostrata
1217 763 1258 800 in

148 826 260 868 portu
280 818 385 856 navis
404 817 636 868 deprehensa
653 817 714 867 sit,
734 818 958 869 publicetur.
998 817 1100 855 Cum
1118 829 1259 867 magna

151 871 192 908 in
211 872 287 909 alto
306 879 506 923 tempestas
525 879 633 920 esset,
653 871 709 909 vis
714 878 940 932 ‘ventorum,
967 870 1095 909 invitis
1118 871 1258 920 nautis,

153 925 421 963 Rhodiorum
410 937 451 962 m
469 932 623 976 portum
637 925 766 963 navim
780 924 912 975 coegit.
942 924 1119 972 Quaestor
1130 924 1261 962 navim

150 979 283 1029 populi
308 986 426 1016 vocat.
465 979 586 1016 Navis
605 979 781 1017 dominus
799 985 913 1028 negat
940 978 1125 1029 publicari
1150 991 1261 1028 opor-

152 1039 239 1069 tere.
283 1032 451 1070 Intentio
479 1040 547 1079 est,
578 1032 758 1070 Rostrata
785 1032 892 1070 navis
923 1032 964 1069 in
990 1038 1102 1082 portu
1129 1031 1260 1082 depre-

152 1085 270 1123 hensa
288 1092 353 1123 est.
382 1085 568 1136 Depulsio
586 1092 654 1133 est,
675 1085 870 1124 concessio.
913 1085 1042 1134 Ratio,
1063 1084 1117 1123 Vi
1141 1092 1178 1123 et
1195 1097 1262 1123 ne-

151 1139 307 1177 cessario
322 1152 453 1177 sumus
470 1139 511 1176 in
525 1146 678 1190 portum
697 1139 825 1177 coacti.
856 1138 1069 1176 Infirmatio
1088 1146 1155 1187 est,
1176 1138 1218 1176 N
1220 1152 1261 1176 a-

153 1205 231 1229 vnn
251 1206 297 1230 ex
310 1193 393 1243 lege
411 1200 538 1230 tamen
552 1193 685 1253 populi
699 1206 776 1230 esse
793 1199 950 1243 oportet.
978 1192 1008 1229 J
1010 1192 1173 1231 udicano
1191 1199 1263 1239 est,

152 1245 255 1283 Cum
273 1253 470 1284 rostratam
487 1246 617 1284 navim
630 1246 671 1283 in
689 1254 801 1297 portu
820 1246 1091 1296 deprehensam
1108 1246 1171 1283 lex
1189 1259 1262 1296 pu-

155 1299 330 1347 blicar-iit,
359 1313 524 1350 cumque
541 1299 622 1337 haec
647 1299 767 1348 navis,
795 1299 922 1338 invitis
947 1298 1087 1347 nautis,
1107 1299 1145 1336 vi
1167 1306 1263 1337 tem-

155 1353 308 1403 pestatis
326 1353 366 1390 in
385 1361 538 1403 portum
557 1353 724 1401 conjecta
742 1353 813 1399 sit3
841 1359 1057 1403 oporteatne
1081 1365 1165 1390 eam
1192 1365 1265 1403 pu-

154 1406 286 1444 blicari
301 1409 318 1445 Ρ
348 1407 502 1444 Horum
521 1407 637 1443 trium
656 1419 838 1456 generum
854 1406 992 1444 idcirco
1009 1418 1132 1443 unum
1151 1405 1191 1442 in
1208 1406 1265 1444 lo-

156 1473 244 1497 cum
264 1460 492 1497 contulimus
511 1460 699 1510 exempla,
731 1460 834 1510 quod
863 1459 994 1497 similis
1023 1459 1064 1496 in
1093 1459 1138 1497 ea
1167 1473 1263 1509 prae-

157 1513 278 1564 ceptio
297 1521 607 1564 argumentorum
625 1513 796 1551 traditur.
826 1514 933 1551 Nam
951 1513 992 1550 in
1009 1512 1068 1551 his
1086 1512 1263 1551 omnibus

156 1567 339 1617 primum,
371 1567 401 1604 si
421 1567 513 1617 quid
532 1580 589 1604 res
614 1567 695 1617 ipsa
716 1567 821 1604 dabit
838 1566 1041 1614 facultatis,
1073 1567 1262 1615 conjectu-

157 1633 239 1657 ram
258 1619 386 1657 induci
405 1622 452 1658 ab
471 1627 682 1658 accusatore
703 1620 900 1672 oportebit,
927 1626 971 1657 ut
995 1619 1049 1668 id,
1075 1619 1179 1670 quod
1197 1632 1262 1657 vo-

156 1674 303 1711 luntate
332 1673 476 1711 factum
505 1673 718 1724 negabitur,
749 1674 918 1711 consulto
949 1673 1108 1721 factum,
1141 1672 1263 1723 suspi-

157 1727 263 1764 cione
281 1726 410 1777 aliqua
434 1727 620 1764 demonst³
617 1734 732 1764 etur.
764 1727 899 1764 deinde
925 1726 1102 1764 inducere
1129 1726 1264 1763 defini-

158 1780 300 1817 tionem
319 1780 613 1828 necessitudinis,
645 1787 712 1817 aut
738 1782 856 1829 casus,
887 1787 954 1817 aut
970 1778 1260 1839 imprudentiaej
1248 1809 1260 1826 ,

158 1840 195 1871 et
214 1834 388 1883 exempla
406 1833 454 1870 ad
472 1846 556 1871 eam
575 1833 831 1870 definitionem
859 1833 1077 1883 adjungere,
1107 1832 1148 1869 in
1177 1832 1262 1883 qui-

158 1888 231 1924 bus
255 1886 509 1937 imprudentia
527 1887 641 1924 fuisse
660 1886 842 1935 videatur,
873 1893 939 1924 aut
961 1899 1081 1933 casus,
1113 1892 1178 1922 aut
1196 1898 1262 1923 ne-

158 1939 356 1987 cessitudo,
378 1949 414 1978 et
432 1942 479 1978 ab
498 1940 556 1978 his
580 1940 633 1987 id,
660 1939 762 1990 quod
786 1952 871 1977 reus
899 1939 1048 1987 inferat,
1077 1951 1261 1989 separare,

161 1992 220 2041 [id
239 2000 306 2041 est,
338 1993 530 2031 ostendere
558 1993 773 2044 dissimile,]
805 1993 907 2043 quod
935 1992 1068 2040 levius,
1098 1991 1259 2041 facilius,

158 2059 234 2084 non
253 2047 471 2097 ignorabile,
492 2059 567 2085 non
584 2046 799 2093 fortuitum,
819 2059 895 2084 non
913 2045 1161 2084 necessarium
1179 2045 1262 2084 fue-

158 2100 230 2138 rit:
262 2107 390 2151 postea
414 2101 680 2149 demonstrare,
712 2099 876 2150 potuisse
897 2099 1030 2144 vitari3
1062 2105 1099 2136 et
1116 2099 1187 2136 hac
1204 2112 1264 2136 ra-

156 2153 256 2193 tione
275 2153 459 2205 provideri
476 2154 653 2206 potuisse,
674 2154 703 2192 si
722 2154 792 2193 hoc
811 2160 877 2192 aut
894 2153 990 2192 illud
1007 2151 1176 2198 fecisset3
1197 2159 1264 2193 aut
