1429 2344
193 82 271 120 252
333 78 411 117 DE
440 78 735 128 ORATORE,
763 78 863 118 L113.
883 79 943 118 11.
973 78 1077 120 CAP.
1094 80 1159 126 57.

193 187 280 227 tatis
307 194 362 226 est
388 187 589 238 responsio.
635 186 824 226 Videmur
850 187 952 226 enim
979 187 1144 240 quieturi
1169 186 1300 234 fuisse,

194 242 267 279 nisi
287 254 450 279 essemus
469 240 649 286 lacessiti3
674 248 731 290 ut,
751 241 791 278 in
809 241 881 279 ista
898 241 981 293 ipsa
995 242 1184 287 concione,
1204 240 1303 278 1111111

195 295 273 333 fere
292 295 437 332 dictum
455 301 509 331 est
523 296 571 332 ab
589 295 674 342 hoc,
695 295 798 346 quod
816 295 971 347 quidem
985 295 1140 333 facetius
1154 295 1301 333 dictum

194 349 396 394 videretur,
427 347 530 398 quod
561 360 637 385 non
669 356 890 399 provocatus
916 349 1156 400 responderit.
1203 348 1302 386 Erat

195 410 324 439 autem
351 408 457 438 tanta
483 401 644 451 gravitas
670 402 711 438 in
739 401 924 450 Domitio,
953 409 1058 440 tanta
1085 401 1298 449 auctoritas,

193 463 252 502 ut,
273 455 376 506 quod
395 462 488 492 esset
507 457 554 493 ab
573 468 616 493 eo
635 456 840 504 objectum,
860 456 986 506 lepore
1003 455 1126 506 magis
1150 456 1302 493 elevan-

194 508 303 555 dum,
325 521 441 559 quam
461 509 696 546 contentione
714 508 982 559 frangendum,
1002 509 1201 547 videretur.

245 561 383 600 LVII.
413 561 520 599 Tum
540 562 744 613 Sulpicius,
761 562 868 609 Quid
885 563 1031 613 igitur?
1060 562 1208 613 inquit:
1233 575 1302 613 pa-

193 616 347 662 tiemur,
382 615 583 663 Caesarem,
619 616 686 667 qui
718 629 954 667 quamquam
987 616 1120 654 Crasso
1151 616 1304 654 facetias

193 669 376 716 concedit,
404 675 532 706 tamen
558 670 681 708 multo
709 670 750 707 in
776 682 818 707 eo
843 670 966 707 studio
987 669 1110 719 magis
1127 669 1207 719 ipse
1226 670 1304 706 ela-

191 725 312 770 borat,
333 735 409 760 non
436 723 622 773 explicare
640 725 748 761 nobis
767 731 891 761 totum
909 735 1027 773 genus
1045 723 1117 760 hoc
1135 722 1302 772 jocandi,

192 777 305 828 quale
325 776 385 824 sit,
407 784 442 814 et
468 776 570 814 unde
595 775 779 821 ducatur;
809 777 1016 827 praesertim
1042 789 1130 814 cum
1156 783 1304 814 tantam

191 831 271 868 vim
297 837 334 867 et
358 830 562 867 utilitatem
589 831 675 869 salis
701 838 738 868 et
761 830 983 868 urbanitatis
1009 843 1086 868 esse
1107 829 1269 867 fateatur
1283 831 1302 868 ‚⁹

191 883 299 931 Quid
331 884 375 931 51,
407 884 531 934 inquit
560 884 705 931 Julius,
739 883 919 921 assentior
946 883 1119 921 Antonio
1148 882 1302 931 dicenti,

189 938 338 975 nullam
366 950 443 974 esse
470 945 589 975 artem
618 938 734 976 salis?
779 938 858 975 Hic
885 950 974 974 cum
1000 936 1190 987 Sulpicius
1215 937 1304 974 reti-

190 991 340 1037 cuisset,
362 990 483 1037 Quasi
502 1003 602 1037 vero,
623 991 748 1041 inquit
767 991 938 1038 Crassus,
961 991 1099 1028 horum
1117 990 1302 1040 ipsorum,

189 1044 238 1082 de
265 1044 404 1095 quibus
431 1044 627 1081 Antonius
655 1044 804 1092 jamdiu
831 1044 1014 1095 loquitur,
1043 1056 1103 1080 ars
1132 1043 1214 1080 ulla
1240 1043 1301 1082 sit.

190 1097 417 1136 Observatio
436 1097 612 1148 quaedam
632 1106 699 1145 est,
716 1105 761 1135 ut
779 1098 858 1148 ipse
876 1097 987 1145 dixit,
1008 1109 1138 1135 earum
1158 1110 1301 1146 rerum,

190 1164 278 1202 quae
309 1151 350 1188 in
382 1151 539 1189 dicendo
570 1152 722 1196 valent3
762 1165 848 1202 quae
876 1151 907 1189 si
936 1151 1152 1201 eloquentes
1181 1150 1304 1189 facere

190 1211 328 1256 posset,
363 1205 448 1255 quis
481 1210 575 1242 esset
604 1217 681 1242 non
711 1205 920 1255 eloquens?
964 1204 1063 1252 Quis
1091 1203 1194 1242 enim
1220 1204 1303 1243 haec

190 1270 268 1296 non
287 1259 347 1296 vel
364 1258 487 1305 facile,
504 1257 564 1295 vel
578 1265 675 1296 certe
689 1258 817 1309 aliquo
830 1257 958 1306 modo,
973 1264 1098 1308 posset
1112 1257 1272 1296 ediscere
1283 1260 1302 1297 Ρ

191 1312 268 1350 Sed
287 1324 355 1362 ego
373 1311 414 1348 in
432 1311 492 1349 his
509 1311 704 1362 praeceptis
722 1312 819 1349 hanc
838 1312 917 1349 vim
936 1318 972 1349 et
985 1311 1083 1349 hanc
1097 1311 1302 1350 utilitatem

190 1378 268 1403 esse
288 1365 459 1413 arbitror,
480 1377 557 1403 non
576 1373 620 1402 ut
639 1365 687 1403 ad
705 1365 982 1417 reperiendum,
1003 1364 1097 1416 quid
1115 1363 1301 1414 dicamus,

189 1426 269 1457 arte
295 1418 494 1465 ducamur,
520 1418 585 1456 sed
608 1426 652 1457 ut
677 1432 733 1466 ea,
761 1432 848 1470 quae
870 1418 1022 1467 natura,
1049 1432 1135 1472 quae
1161 1418 1301 1467 studio,

189 1485 276 1523 quae
295 1472 559 1510 exercitatione
577 1472 857 1523 consequimur,
877 1479 944 1510 aut
968 1480 1068 1511 recta
1090 1484 1168 1509 esse
1186 1473 1304 1510 confi-

191 1525 341 1571 damus,
362 1533 429 1563 aut
454 1539 571 1576 prava
595 1525 868 1577 intelligamus,
889 1539 992 1574 cum,
1013 1538 1089 1577 quo
1107 1525 1303 1564 referenda

189 1579 278 1626 sint,
306 1579 558 1617 didicerimus.
602 1579 746 1628 Quare,
775 1580 914 1628 Caesar,
942 1592 1012 1630 ego
1038 1591 1191 1630 quoque
1215 1593 1238 1617 a
1264 1586 1303 1618 te

189 1632 261 1670 hoc
287 1639 389 1683 peto,
419 1640 476 1679 ut,
506 1633 537 1670 si
564 1633 633 1670 tibi
660 1633 821 1682 videtur,
851 1634 1020 1684 disputes
1047 1633 1094 1670 de
1120 1632 1191 1670 hoc
1223 1639 1303 1671 toto

184 1686 338 1735 jocandi
370 1698 519 1736 genere,
551 1686 644 1737 quid
672 1687 822 1735 sentias,
851 1699 900 1724 00
927 1700 1004 1738 qua
1029 1686 1126 1723 forte
1153 1685 1304 1724 dicendi

186 1752 288 1800 pars,
309 1739 491 1790 quoniam
509 1739 563 1776 ita
588 1740 803 1789 voluistis,'
792 1753 832 1778 m
857 1740 928 1778 hoc
955 1739 1023 1778 tali
1048 1747 1160 1786 coetu,
1187 1745 1304 1790 atque

187 1792 229 1830 in
262 1800 342 1830 tam
373 1799 546 1831 accurato
578 1805 762 1842 sermone,
795 1793 983 1844 praeterita
1012 1805 1090 1830 esse
1116 1791 1301 1832 videatur.

186 1845 274 1896 Ego
293 1859 393 1893 vero,
413 1845 538 1907 inquit
562 1845 641 1894 ille,
662 1846 844 1898 quoniam
869 1847 1063 1886 collectam
1085 1859 1109 1883 a
1126 1846 1300 1895 conviva,

188 1899 335 1947 Crasse,
367 1899 499 1950 exigis,
533 1911 610 1937 non
639 1900 890 1948 committam,
919 1907 977 1947 ut,
1012 1899 1043 1938 si
1070 1898 1299 1950 defugerim,

186 1953 258 1991 tibi
291 1966 444 1991 causam
467 1953 645 2014 aliquam
676 1953 764 1992 dem
797 1928 1019 1993 recusandi.
1061 1965 1301 2004 quamquam

186 2007 288 2045 soleo
307 2020 405 2057 saepe
422 2006 552 2044 mirari
570 2020 701 2045 eorum
720 2007 1013 2058 impudentiam,
1035 2006 1102 2058 qui
1120 2014 1241 2057 agunt
1258 2007 1300 2044 in

186 2060 298 2098 scena
333 2068 496 2111 gestum,
531 2067 721 2122 spectante
753 2061 918 2100 Roscio·
962 2060 1047 2112 quis
1085 2060 1187 2098 enim
1219 2072 1301 2098 sese

184 2126 421 2152 commovere
438 2120 574 2164 potest,
595 2115 703 2163 cujus
728 2114 793 2153 1Πο
818 2115 909 2153 vitia
934 2127 1011 2152 non
1038 2113 1193 2152 videat?
1235 2113 1299 2152 Sic

185 2179 255 2218 ego
274 2179 389 2217 nunc,
411 2167 546 2208 Crasso
564 2167 753 2216 audiente,
782 2168 951 2220 primum
976 2168 1112 2220 loquar
1132 2166 1180 2206 de
1197 2166 1298 2207 faee-
