1407 2324
233 85 311 125 DE
331 84 625 134 ORATORE,
654 85 753 124 Lm.
773 84 856 125 III.
887 83 990 124 CAP.
1011 84 1077 123 51.
1132 87 1212 126 343

105 192 208 231 viora
232 199 270 231 et
285 193 440 244 praecisa
464 200 575 231 erunt
593 193 808 245 superiora3
839 206 933 244 quos
952 199 1018 231 aut
1036 193 1202 242 choreos,

103 254 170 284 aut
187 246 332 294 heroos,
353 254 420 284 aut
437 248 599 285 alternos
617 260 694 285 esse
712 247 912 297 oportebit,
933 254 999 284 aut
1017 246 1056 284 in
1071 260 1205 298 paeone

101 299 168 337 illo
192 300 407 351 posteriore,
433 314 549 352 quem
574 301 797 338 Aristoteles
816 302 963 350 probat,
984 308 1050 337 aut
1068 301 1102 337 ei
1119 303 1203 351 pari

100 353 247 391 cretico.
294 353 447 391 Horum
467 354 737 392 vicissitudines
756 353 930 401 efficient,
957 361 1002 391 ut
1025 365 1149 404 neque
1174 356 1202 393 ii

100 406 294 453 satientur,
311 407 378 458 qui
396 407 564 455 audient,
585 408 735 445 fastidio
754 407 1026 454 similitudinis,
1046 419 1114 445 nec
1132 420 1200 446 nos

98 458 152 508 id,
173 460 276 511 quod
293 460 488 509 faciemus,
508 474 621 512 opera
640 461 767 498 dedita
785 460 905 498 facere
924 460 1130 498 videamur.

151 512 269 560 Quod
287 513 318 551 si
341 514 547 575 Antipater
563 514 628 552 ille
647 514 837 561 Sidonius,
865 526 979 564 quem
999 521 1041 551 tu
1066 516 1197 564 probe,

97 564 249 614 Catule,
288 567 509 628 meministi,
549 568 680 606 solitus
712 575 767 606 est
799 580 927 605 versus
958 568 1199 606 hexametros

95 619 264 671 aliosque
282 621 393 658 variis
411 622 532 659 modis
547 629 660 672 atque
678 621 846 658 numeris
863 620 1021 658 fundere
1036 633 1082 658 ex
1102 629 1198 659 tem-

95 686 200 723 pore,
226 681 453 725 tantumque
477 675 641 712 hominis
665 674 850 725 ingeniosi
868 687 910 711 ac
928 674 1106 712 memoris
1131 688 1196 712 va-

94 726 167 764 luit
181 727 409 775 exercitatio,
429 735 486 776 ut,
514 741 601 766 cum
625 741 664 766 se
681 736 808 766 mente
827 740 870 764 ac
888 728 1081 765 voluntate
1107 740 1196 765 con-

88 779 238 828 jecisset
267 781 308 818 in
337 794 501 829 versum,
535 783 649 819 verba
681 788 949 832 sequerentur3
980 788 1123 831 quanto
1154 781 1195 818 id

91 833 238 871 facilius
256 833 296 870 in
315 834 494 883 oratione,
516 835 779 873 exercitatione
793 842 829 873 et
844 834 1113 872 consuetudine
1127 834 1194 872 ad-

90 886 225 935 hibita,
245 890 548 938 consequemur?

143 939 250 977 Inud
278 947 407 978 autem
438 953 486 978 ne
515 942 600 992 quis
627 941 847 989 admiretur,
881 953 1049 991 quonam
1078 941 1192 979 modo

88 993 168 1031 haec
186 994 324 1044 vulgus
341 993 603 1045 imperitorum
620 995 660 1032 in
679 995 866 1032 audiendo
884 1001 1013 1038 notet3
1043 1007 1132 1032 cum
1150 995 1190 1032 in

87 1046 193 1084 omni
218 1059 366 1097 genere,
393 1055 478 1085 tum
496 1047 535 1085 in
554 1048 626 1085 hoc
643 1048 739 1099 ipso,
766 1060 907 1098 magna
931 1047 1106 1098 quaedam
1134 1055 1190 1086 est

86 1099 142 1137 vis
159 1099 463 1152 incredibilisque
480 1108 636 1138 naturae.
683 1100 830 1139 Omnes
850 1100 951 1138 enim
966 1100 1078 1138 tacito
1093 1115 1188 1152 quo-

84 1152 174 1190 dam
200 1165 324 1202 sensu,
351 1154 432 1192 sine
456 1154 536 1192 ulla
562 1162 640 1192 arte
666 1161 733 1192 aut
758 1155 915 1201 ratione,
943 1167 1029 1204 quae
1054 1154 1129 1192 sint
1147 1155 1187 1192 in

83 1206 228 1245 artibus
252 1220 295 1245 ac
313 1207 520 1246 rationibus
538 1215 638 1246 recta
655 1221 698 1246 ac
715 1221 844 1258 prava,
865 1207 1098 1255 dijudicant:
1128 1208 1186 1245 id-

82 1273 158 1311 que
175 1272 264 1298 cum
281 1261 426 1298 faciunt
443 1262 483 1298 in
502 1261 671 1312 picturis,
699 1268 736 1298 et
759 1261 800 1298 in
825 1261 954 1310 signis,
983 1268 1019 1297 et
1043 1260 1083 1297 in
1102 1261 1186 1299 aliis

81 1313 271 1364 operibuS,
302 1314 351 1351 ad
369 1327 534 1365 quorum
552 1314 842 1364 intelligentiam
861 1326 884 1350 a
901 1313 1039 1350 natura
1056 1313 1185 1352 minus

81 1365 222 1404 habent
238 1366 504 1413 instrumenti;
534 1375 618 1405 tum
641 1368 764 1404 multo
783 1366 985 1404 ostendunt
1002 1367 1124 1416 magis
1142 1368 1182 1406 in

82 1422 296 1468 verborum,
316 1432 576 1467 numerorum,
596 1433 808 1471 vocumque
822 1419 992 1468 judici03
1022 1420 1124 1471 quod
1139 1419 1183 1459 ea

81 1483 170 1511 sunt
195 1473 236 1511 in
261 1474 527 1512 communibus
552 1474 671 1511 infixa
699 1473 881 1519 sensibus,
909 1485 1032 1524 neque
1050 1486 1181 1513 earum

80 1539 207 1564 rerum
222 1540 455 1578 quemquam
473 1528 646 1565 funditus
666 1535 801 1564 natura
815 1526 934 1565 voluit
953 1539 1030 1564 esse
1048 1540 1181 1578 exper-

79 1588 170 1618 tem.
199 1581 336 1631 Itaque
359 1593 436 1619 non
455 1582 578 1619 solum
596 1580 718 1618 verbis
736 1587 815 1618 arte
832 1580 962 1631 positis
980 1588 1182 1619 moventur

79 1646 224 1683 omnes,
254 1647 386 1672 verum
413 1635 526 1672 etiam
552 1635 718 1672 numeris
747 1647 790 1672 ac
819 1633 983 1672 vocibus.
1026 1633 1180 1681 Quotus

78 1687 181 1726 enim
206 1687 366 1739 quisque
390 1695 459 1737 est,
487 1688 552 1739 qui
579 1694 702 1726 teneat
727 1694 846 1725 artem
864 1699 1110 1725 numerorum
1135 1701 1180 1727 ao

78 1741 310 1780 modorum?
338 1741 397 1779 At
413 1741 454 1779 in
471 1741 530 1779 his
549 1742 580 1780 si
597 1742 757 1792 paulum
771 1740 885 1778 modo
903 1740 1089 1778 offensum
1108 1748 1178 1790 est,

78 1802 123 1833 ut
151 1801 217 1833 aut
244 1795 494 1833 contractione
522 1795 671 1834 brevius
696 1795 813 1843 fieret,
842 1800 909 1832 aut
934 1794 1180 1844 productione

78 1849 242 1899 longius,
276 1848 422 1886 theatra
452 1855 532 1887 tota
562 1849 779 1887 reclamant.
827 1846 934 1895 Quid
949 1849 966 1885 Ρ
1001 1847 1073 1884 hoc
1098 1859 1175 1885 non

79 1901 181 1939 idem
199 1901 276 1939 fit
265 1914 306 1938 1n
324 1902 491 1950 vocibus,
510 1909 555 1940 ut
567 1915 591 1940 a
607 1901 853 1940 multitudine
871 1907 908 1938 et
925 1900 1080 1950 populo,
1099 1912 1176 1938 non

79 1955 194 1994 modo
217 1962 372 1993 catervae
396 1963 509 2006 atque
534 1963 751 2003 conventus,
778 1955 843 1993 sed
868 1954 982 1992 etiam
1006 1953 1078 2004 ipsi
1105 1953 1176 1992 sibi

81 2008 222 2059 singuli
239 2008 502 2059 discrepantes,
524 2009 750 2058 ejiciantur?

135 2061 207 2100 LI.
235 2061 415 2100 Mirabile
433 2069 501 2111 est,
521 2075 609 2100 curn
627 2063 838 2114 plurimum
862 2060 902 2098 in
921 2059 1126 2098 faciendo
1115 2072 1174 2097 m-

82 2115 186 2153 tersit
209 2114 307 2153 inter
332 2115 485 2154 doctum
512 2123 550 2154 et
575 2117 724 2177 rudem,
755 2127 871 2167 quam
903 2125 979 2151 non
1008 2113 1174 2151 multum

78 2167 254 2209 differat
242 2180 283 2208 m
297 2167 514 2218 judicando.
541 2169 620 2209 Ars
638 2170 754 2220 enim,
774 2181 863 2209 cum
887 2181 911 2206 a
935 2166 1072 2206 natura
1089 2179 1178 2219 pro-
