1429 2344
193 87 268 128 160
341 89 418 129 DE
447 90 742 142 ORATORE,
774 92 871 131 Lm.
894 92 929 131 Ι.
959 91 1063 132 CAP.
1079 93 1145 131 35.

189 209 471 250 quemcumque
497 200 808 251 patremfamilias
834 200 1081 252 arripuissetis
1099 211 1147 238 ex
1173 195 1303 250 aliquo

190 250 343 298 circulo,
366 253 497 290 eadem
516 254 621 292 vobis
640 255 947 306 percontantibus
965 253 1226 306 respondisset.

245 303 423 343 XXXV.
445 307 542 345 Haec
561 321 649 346 cum
670 307 826 346 Crassus
845 308 1013 357 dixisset,
1033 306 1226 346 silentium
1245 311 1301 343 est

189 366 443 398 consecutum.
486 361 561 399 Sed
591 374 827 413 quamquam
857 362 944 400 satis
968 362 1014 400 iis
1039 361 1107 412 qui
1131 360 1301 407 aderant,

189 410 239 447 ad
256 411 297 448 id
324 414 427 463 quod
452 422 530 452 erat
556 416 806 466 propositum,
833 415 979 454 dictum
1003 415 1214 461 videbatur,
1243 420 1302 450 ta-

188 475 278 500 men
304 466 514 505 sentiebant
540 469 695 506 celerius
723 482 800 507 esse
823 470 961 517 multo,
988 482 1105 520 quam
1130 467 1203 519 ipsi
1221 466 1301 505 vel-

188 516 281 565 lent,
312 521 359 557 ab
390 533 433 558 eo
463 529 693 572 peroratum.
741 523 848 560 Tum
878 523 1058 571 Scaevola,
1090 521 1199 570 Quid
1228 527 1296 568 est,

190 570 303 608 Cotta
318 574 335 610 Ρ
364 573 512 625 inquit:
543 576 637 626 quid
655 577 814 615 tacetis?
843 577 989 614 nihilne
1008 575 1113 614 vobis
1131 575 1172 612 in
1190 586 1299 611 men-

188 630 267 661 tem
283 626 398 675 venit,
416 629 519 678 quod
532 637 712 680 praeterea
725 643 748 667 a
763 630 897 668 Crasso
911 629 1140 681 requiratis?
1170 628 1301 666 Immo

187 676 242 726 id,
273 680 501 730 mehercule,
533 683 672 733 inquit,
693 684 821 735 ipsum
839 684 1016 721 attendo:
1048 688 1177 720 tantus
1197 680 1299 718 enim

188 744 319 770 cursus
346 737 548 774 verborum
574 737 661 785 fuit,
689 745 726 775 et
745 738 796 775 sic
815 737 975 776 evolavit
993 736 1124 783 oratio,
1151 741 1196 772 ut
1219 735 1302 784 ejus

189 785 268 822 vim
287 792 401 838 atque
419 788 677 828 incitationem
697 790 960 841 adspexerim3
981 789 1138 840 vestigia
1155 788 1301 838 ingres-

187 851 350 890 sumque
375 841 440 879 vix
466 843 649 881 viderim:
680 851 730 892 et,
760 852 959 894 tamquam
983 843 1024 880 in
1049 843 1218 893 aliquam
1242 841 1302 879 lo-

186 893 379 943 cupletem
398 908 441 933 ac
455 896 632 934 refertam
646 897 807 935 domum
820 897 1001 945 venirem,
1022 909 1099 934 non
1114 893 1302 947 explicata

187 954 302 993 veste,
324 960 447 998 neque
465 950 656 1001 proposito
675 958 844 1001 argento,
869 963 993 1002 neque
1011 949 1151 988 tabulis
1170 955 1207 986 et
1225 948 1302 998 sig·
1349 968 1353 969 ⁷

187 999 247 1037 nis
283 1003 481 1051 propalam
519 1004 720 1053 collocatis,
760 1004 824 1042 sed
859 1004 918 1042 his
955 1004 1133 1042 omnibus
1167 1002 1301 1040 multis

187 1054 474 1107 magnificisque
510 1059 624 1095 rebus
656 1057 875 1096 constructis
907 1070 951 1096 ac
982 1056 1207 1101 reconditis3
1249 1055 1302 1094 sic

187 1107 303 1145 modo
331 1108 372 1145 in
402 1110 569 1149 oratione
601 1111 726 1149 Crassi
755 1111 904 1150 divitias
934 1118 1048 1162 atque
1079 1115 1303 1149 ornamenta

187 1161 270 1209 ejus
299 1161 443 1212 ingenii
471 1177 539 1215 per
571 1165 747 1215 quaedam
778 1165 973 1203 involucra
1003 1172 1119 1216 atque
1149 1163 1302 1214 integu-

189 1222 319 1252 menta
348 1218 545 1267 perspexi:
577 1218 642 1256 sed
667 1232 711 1256 ea
736 1232 825 1256 cum
845 1219 1090 1269 contemplari
1109 1222 1300 1268 cuperem,

189 1267 255 1305 vix
273 1268 505 1320 adspiciendi
522 1278 685 1323 potestas
702 1272 788 1310 fuit.
829 1273 891 1310 Ita
915 1285 1039 1323 neque
1056 1272 1128 1310 hoc
1145 1283 1303 1322 possum

188 1320 324 1370 dicere,
353 1336 417 1361 me
445 1326 601 1363 omnino
629 1326 802 1377 ignorare
831 1326 925 1378 quid
948 1325 1149 1377 possideat,
1177 1335 1304 1375 neque

186 1375 301 1426 plane
325 1380 436 1416 nesse
460 1392 504 1416 ac
533 1379 679 1418 vidisse.
734 1380 842 1428 Quin
869 1387 912 1417 tu
937 1380 1054 1430 igitur
1071 1378 1164 1417 facis
1181 1377 1299 1425 idem,

187 1428 315 1480 inquit
334 1431 515 1481 Scaevola,
544 1433 648 1484 quod
665 1433 818 1482 faceres,
839 1433 871 1471 si
893 1433 935 1471 in
953 1433 1124 1484 aliquam
1142 1432 1303 1469 domum

186 1483 342 1533 plenam
357 1494 680 1536 ornamentorum,
697 1488 888 1535 villamve,
902 1487 1064 1526 venisses
1076 1489 1094 1525 Ρ
1124 1485 1166 1524 Si
1184 1498 1228 1523 ea
1246 1497 1306 1523 se-

187 1537 311 1586 posita
341 1540 402 1581 (ut
428 1539 535 1586 dicis)
563 1549 698 1589 essent,
725 1548 768 1579 tu
793 1541 904 1580 valde
931 1539 1123 1592 spectandi
1142 1538 1303 1590 cupidus

186 1601 310 1636 esses3
341 1604 417 1629 non
446 1593 637 1632 dubitares
665 1608 798 1645 rogare
825 1594 1040 1642 dominum,
1069 1600 1115 1631 ut
1143 1591 1302 1644 proferri

184 1642 349 1693 juberet,
370 1648 578 1696 praesertim
597 1648 629 1686 si
647 1661 743 1687 esses
760 1648 983 1686 familiaris:
1014 1647 1185 1686 similiter
1199 1657 1303 1684 nunc

187 1703 292 1747 petes
311 1711 334 1735 a
353 1699 501 1748 Crasso,
529 1708 573 1738 ut
599 1714 683 1740 eam
710 1703 858 1753 copiam
883 1708 1193 1739 ornamentorum
1216 1711 1304 1738 suo-

187 1763 290 1799 rum,
313 1765 430 1802 quam
444 1762 698 1793 constructam
716 1768 795 1793 uno
813 1755 853 1792 in
872 1755 967 1803 loco,
989 1755 1098 1805 quasi
1114 1766 1182 1804 per
1201 1761 1305 1791 tran-

189 1816 360 1853 sennam,
380 1814 647 1857 praetereuntes
667 1809 825 1846 strictim
840 1808 1098 1859 adspeximus,
1118 1807 1159 1844 in
1176 1807 1305 1845 lucem

188 1858 368 1908 proferat,
398 1866 435 1897 et
453 1874 520 1898 suo
539 1862 708 1912 quidque
727 1863 767 1899 in
785 1862 867 1899 loco
887 1863 1052 1900 collocet.
1094 1860 1181 1911 Ego
1200 1872 1303 1908 vero,

189 1911 316 1962 inquit
335 1913 460 1961 Cotta,
481 1928 504 1951 a
522 1922 559 1952 te
577 1923 678 1966 peto,
701 1916 893 1953 Scaevola:
923 1928 986 1952 me
1006 1914 1123 1962 enim,
1145 1920 1182 1951 et
1199 1913 1303 1952 hunc

189 1965 420 2016 Sulpicium,
450 1967 609 2018 hupedit
634 1969 757 2020 pudor
782 1970 829 2006 ab
849 1969 1004 2006 homine
1023 1968 1197 2005 omnium
1216 1979 1304 2018 gra-

189 2018 357 2067 vissimo,
388 2021 455 2071 qui
479 2035 599 2072 genus
624 2022 845 2072 hujusmodi
870 2021 1134 2073 disputationis
1154 2032 1304 2070 semper

190 2074 442 2122 contemserit,
477 2075 571 2124 haec,
601 2089 688 2127 quae
716 2076 777 2114 isti
804 2076 962 2114 forsitan
991 2087 1198 2126 puerorum
1227 2074 1302 2111 ele-

191 2133 321 2164 menta
344 2127 556 2175 videantur,
584 2130 792 2180 exquirere.
839 2129 915 2168 Sed
939 2136 983 2166 tu
1008 2129 1080 2167 hoc
1103 2127 1212 2166 nobis
1237 2126 1300 2173 da,

188 2180 383 2227 Scaevola3
413 2189 450 2220 et
467 2184 617 2234 perfice,
638 2191 682 2222 ut
702 2182 859 2223 Crassus
877 2182 973 2234 haec,
994 2195 1080 2234 quae
1098 2179 1303 2222 coarctavit
