1429 2344
172 55 250 94 168
319 54 397 95 DE
427 53 721 105 ORATORE,
751 53 850 94 LIB.
870 54 906 94 Ι.
937 54 1041 95 CAP.
1057 54 1124 95 43.

171 163 364 215 proposui,
395 164 512 202 brevi.
553 163 595 202 Si
623 164 725 202 enim
755 170 822 202 aut
850 163 947 202 mihi
970 163 1091 202 facere
1113 162 1275 212 licuerit,

171 218 275 269 quod
301 218 450 266 jamdiu
479 218 615 278 cogito,
647 225 714 255 aut
742 218 839 256 alius
869 218 1073 269 quispiam,
1104 225 1185 266 aut,
1214 230 1281 255 me

169 272 366 322 impedito,
387 271 592 332 occuparit,
612 278 678 308 aut
691 278 841 309 mortuo
856 271 1030 320 effecerit,
1050 278 1094 309 ut
1111 271 1282 322 primum

170 338 284 363 omne
312 326 376 374 jus
409 325 516 363 civile
545 325 586 362 in
617 338 754 376 genera
785 325 943 386 digerat,
978 339 1063 376 quae
1094 337 1284 376 perpauca

174 386 287 424 sunt3
309 379 443 417 deinde
458 392 588 417 eorum
602 392 784 430 generum
799 379 907 440 quasi
921 379 1097 431 quaedam
1111 380 1284 417 membra

173 408 393 483 dispe'rtiat3
424 440 508 470 tum
534 433 726 483 propriam
753 433 937 484 cujusque
964 432 1042 470 vim
1068 432 1286 470 definitione

175 486 362 531 declaret;
403 486 607 537 perfectam
641 494 762 524 artem
795 486 892 536 juris
928 486 1047 524 civilis
1083 485 1286 534 habebitis,

173 540 297 590 magis
314 552 496 590 magnam
516 547 629 591 atque
643 542 813 588 uberem,
834 553 952 591 quam
967 539 1159 577 difficilem
1173 546 1288 590 atque

176 595 388 631 obscuram.
430 594 566 645 Atque
597 594 739 632 interea
769 601 913 654 tamen,
949 593 1043 630 dum
1073 593 1169 641 haec,
1202 606 1290 644 quae

177 647 344 698 dispersa
368 655 470 693 sunt,
491 654 692 698 coguntur,
712 647 773 685 vel
791 647 932 698 passim
950 647 1038 685 licet
1057 654 1287 697 carpentem,

178 708 215 739 et
248 702 488 752 coHigentem
519 701 704 753 undique,
742 701 878 752 repleri
906 700 1012 751 justa
1041 700 1139 749 juris
1170 701 1290 739 civilis

180 733 359 793 scientia?

233 809 398 847 XLIII.
427 809 570 847 Nonne
595 808 744 856 videtis,
772 808 939 860 equitem
964 808 1202 858 Romanurn,
1221 808 1291 848 ho-

178 863 325 901 minem
344 863 559 901 acutissimo
579 863 753 900 omnium
771 863 937 913 ingenio,
962 863 1027 901 sed
1044 862 1203 901 minime
1221 876 1294 901 cae-

179 917 268 955 teris
299 917 442 954 artibus
468 916 674 965 eruditum,
703 916 747 954 C.
768 917 1021 965 Aculeonem,
1049 916 1117 968 qui
1141 929 1294 955 mecum

180 971 287 1018 vivit,
317 983 540 1022 semperque
565 970 674 1018 vixit,
701 970 755 1007 ita
778 977 905 1008 tenere
927 971 990 1019 jus
1020 970 1142 1019 civile,
1169 978 1214 1008 ut
1243 971 1292 1019 ei,

182 1037 271 1063 cum
290 1026 338 1062 ab
357 1024 428 1062 hoc
446 1023 696 1071 discesseritis,
717 1036 844 1072 nemo,
865 1024 939 1061 (16
929 1024 974 1062 iis
993 1024 1060 1074 qui
1078 1024 1296 1074 peritissimi

183 1085 285 1126 sunt,
315 1085 589 1129 anteponatur
579 1080 596 1105 Ῥ
638 1077 783 1116 01111113
812 1077 915 1115 6111111
945 1084 1034 1116 sunt
1057 1077 1180 1129 posita.
1209 1085 1298 1116 ante
1347 1123 1356 1132 ⁴

183 1133 324 1181 oculos,
354 1131 560 1170 collocata
550 1144 591 1168 m
609 1144 682 1169 usu
702 1131 936 1182 quotidiano,
964 1131 1005 1168 in
1038 1132 1298 1182 congressione

184 1186 387 1224 hominum
406 1193 520 1237 atque
538 1185 579 1222 in
597 1184 702 1223 foro:
733 1198 857 1236 neque
874 1185 928 1223 ita
945 1185 1078 1223 multis
1095 1185 1211 1224 literis
1229 1192 1298 1224 aut

183 1240 444 1279 voluminibus
462 1238 612 1290 magnis
638 1238 900 1277 continentur:
932 1239 1064 1277 eadem
1088 1239 1190 1277 enim
1210 1246 1300 1278 sunt

188 1294 286 1332 elata
317 1293 488 1354 primum
525 1307 548 1330 a
584 1293 784 1344 pluribus,
773 1306 783 1315 ·
824 1292 974 1341 deinde,
1009 1292 1139 1344 paucis
1175 1293 1299 1332 verbis

188 1347 444 1395 commutatis,
485 1347 600 1385 etiam
632 1348 680 1384 ab
711 1346 847 1384 iisdem
883 1346 1126 1398 scriptoribus
1162 1347 1301 1409 scripta

189 1409 279 1440 sunt
315 1401 468 1462 saepius,
517 1401 681 1438 Accedit
715 1413 819 1461 vero,
862 1414 938 1451 quo
974 1400 1122 1439 facilius
1157 1401 1301 1452 percipi

189 1455 438 1507 cognoscique
453 1455 517 1504 jus
536 1454 644 1493 civile
662 1454 791 1506 possit,
814 1454 934 1505 (quod
951 1454 1111 1492 minime
1128 1455 1302 1516 plerique

191 1510 437 1557 arbitrantur)
466 1508 564 1546 mira
589 1508 799 1560 quaedam'
789 1521 832 1545 ln
857 1508 1112 1559 cognoscendo
1138 1509 1303 1547 suavitas

191 1571 229 1602 et
247 1563 456 1601 delectatio.
499 1563 620 1610 Nam,
648 1563 725 1600 sive
749 1575 866 1613 quem
891 1562 1014 1600 aliena
1037 1562 1163 1600 studia
1181 1562 1304 1601 delec-

191 1623 300 1663 tant3
330 1616 498 1667 plurima
516 1624 583 1664 est,
606 1623 642 1654 et
659 1616 700 1653 in
725 1616 831 1654 omni
852 1616 939 1665 jure
956 1615 1072 1664 civili,
1094 1623 1131 1654 et
1148 1616 1189 1653 in
1207 1629 1304 1667 pon-

192 1672 341 1709 tificum
354 1670 474 1718 libris,
491 1678 528 1708 et
541 1670 581 1707 in
596 1670 698 1707 XII.
718 1669 871 1717 tabulis,
892 1669 1128 1721 antiquitatis
1147 1669 1302 1720 effigies,

195 1724 299 1776 quod
332 1731 368 1762 et
400 1726 602 1762 verborum
633 1724 755 1775 prisca
787 1730 952 1761 vetustas
983 1723 1231 1774 cognoscitur,
1267 1731 1305 1762 et

196 1779 389 1817 actionum
414 1790 551 1828 genera
577 1777 753 1828 quaedam
777 1777 969 1826 majorum
994 1777 1308 1816 consuetudinem

196 1833 392 1883 vitamque
410 1832 624 1869 declarant.
647 1831 723 1869 sive
738 1831 823 1882 quis
841 1830 991 1868 civilem
1005 1830 1199 1869 scientiam
1218 1844 1309 1870 con.

197 1886 404 1937 templetur
433 1887 568 1936 (quam
598 1884 766 1923 Scaevola
795 1897 873 1922 non
901 1890 1012 1936 putat
1043 1885 1199 1923 oratoris
1230 1898 1310 1924 esse

198 1940 406 1992 propriam,
435 1939 501 1977 sed
526 1938 725 1987 cujusdam
751 1951 800 1976 ex
818 1938 892 1976 alio
910 1951 1047 1988 genere
1063 1938 1307 1990 prudentiae),

200 2001 321 2033 totam
344 1994 456 2041 hanc,
484 1992 677 2044 descriptis
702 1992 879 2030 omnibus
905 1992 1065 2030 civitatis
1083 1991 1311 2031 utilitatibus

203 2062 246 2087 ac
281 2048 467 2108 partibus,
501 2045 603 2084 XII.
637 2046 776 2084 tabulis
813 2045 995 2084 contineri
1025 2045 1192 2084 videbit.
1233 2046 1312 2085 sive

202 2115 319 2153 quem
333 2101 405 2139 ista
418 2107 629 2152 praepotens
647 2106 685 2138 et
701 2099 864 2151 gloriosa
879 2099 1119 2151 philosophia
1135 2096 1308 2148 delectat,

206 2155 346 2199 (dicam
365 2154 561 2204 audacius)
579 2154 691 2194 hosce
708 2153 864 2194 habebit
890 2153 1012 2194 fontes
1036 2152 1210 2193 omnium
1234 2153 1315 2192 dis-
