1429 2344
181 76 258 113 282
317 74 393 114 DE
423 73 718 123 ORATORE‚
749 74 847 113 Lm.
869 75 928 114 11.
959 75 1061 114 CAP.
1094 77 1156 114 85.

178 182 309 220 virtuti
326 183 394 221 uni
412 189 593 233 putatur:
625 181 689 219 sed
706 188 848 232 tamen,
875 182 978 234 quod
995 182 1078 233 ipsa
1105 182 1223 220 virtus
1241 181 1281 219 in

176 249 308 273 earum
335 249 461 274 rerum
486 249 559 273 usu
580 248 624 273 ac
641 235 895 274 moderatione
919 236 1087 274 maxime
1105 235 1281 283 cernitur,

177 290 371 327 tractanda
391 289 503 326 etiam
521 289 561 325 in
579 288 858 327 laudationibus
877 289 957 327 haec
976 297 1063 326 sunt
1082 296 1226 326 naturae
1245 296 1282 326 et

175 342 337 380 fortunae
355 344 455 380 bona
470 355 482 387 3
511 342 550 379 in
566 341 705 393 quibus
723 349 778 378 est
796 355 946 380 summa
963 343 1060 389 laus,
1077 354 1152 380 non
1171 349 1282 379 extu-

175 394 262 432 lisse
274 409 312 433 se
330 395 371 433 in
388 402 584 446 potestate,
598 407 674 432 non
692 395 806 432 fuisse
817 395 1038 433 insolentem
1051 395 1091 432 in
1103 395 1278 446 pecunia⁵

175 460 252 485 non
272 462 309 486 se
328 448 535 500 praetulisse
554 448 635 485 aliis
649 455 800 498 propter
811 449 1082 486 abundantiam
1094 448 1278 493 fortunae3

175 508 219 538 ut
238 514 326 552 opes
355 509 391 540 et
410 503 525 552 copiae
543 514 620 539 non
639 501 823 552 superbiae
841 502 1038 539 videantur
1055 514 1098 539 ac
1115 501 1279 548 libidini,

175 554 239 591 sed
258 555 418 593 bonitati
436 568 478 594 ac
505 555 767 603 moderationi,
788 555 1005 593 facultatem
1029 561 1065 592 et
1082 555 1279 592 materiam

176 607 333 646 dedisse.

229 661 362 699 Virtus
381 669 523 710 autem,
548 675 634 713 quae
658 669 713 700 est
737 675 804 713 per
830 675 868 700 se
893 662 976 713 ipsa
999 661 1214 709 laudabilis,
1242 667 1279 698 et

171 714 253 752 sine
273 715 350 766 qua
368 716 464 752 nihil
481 716 628 753 laudari
639 723 774 767 potest,
788 722 916 753 tamen
929 715 1043 753 habet
1053 715 1179 766 plures
1193 727 1280 765 par-

174 774 253 813 tes,
243 782 252 791 ·
284 782 447 819 quarum
477 769 550 807 alia
577 776 632 807 est
663 769 712 807 ad
735 769 991 807 laudationem
1019 768 1151 819 aptior.
1182 768 1281 806 Sunt

172 821 276 858 enim
306 822 388 859 aliae
413 822 582 871 virtutes,
613 836 699 873 quae
718 822 920 861 videntur
910 835 949 859 m
968 822 1137 860 moribus
1155 820 1279 858 homi-

173 886 282 923 num,
314 882 350 912 et
378 875 545 925 quadam
574 876 748 913 comitate
771 889 813 913 ae
834 875 1094 922 beneficentia,
1117 874 1273 936 positae3

170 927 271 974 aliae‚
287 942 372 979 quae
390 929 430 965 in
449 929 592 979 ingenii
606 929 735 979 aliqua
753 929 944 976 facultate,
958 936 1024 966 aut
1042 928 1161 966 animi
1172 941 1280 977 mag-

172 981 346 1018 nitudine
365 995 407 1019 ac
425 984 569 1020 robore.
613 983 719 1020 Nam
738 982 949 1030 clementia,
967 982 1127 1031 justitia,
1146 981 1278 1031 benig-

171 1033 283 1081 nitas,
311 1035 418 1083 fides,
444 1035 625 1073 fortitudo
651 1036 691 1072 in
719 1036 894 1086 periculis
916 1035 1196 1082 communibus,
1214 1035 1278 1083 ju-

167 1087 296 1125 cunda
315 1095 369 1125 est
393 1088 525 1126 auditu
555 1089 596 1125 in
613 1088 918 1133 laudationibus;
948 1101 1078 1126 omnes
1097 1088 1199 1125 enim
1217 1087 1278 1125 hae

170 1140 327 1179 virtutes
342 1154 419 1179 non
438 1150 517 1179 tam
535 1142 625 1193 ipsis
645 1142 712 1192 qui
731 1155 791 1179 eas
810 1142 849 1178 in
864 1155 902 1180 se
913 1142 1067 1190 habent,
1083 1154 1200 1192 quam
1212 1154 1277 1191 ge-

169 1194 251 1231 neri
283 1195 498 1243 hominum,
533 1195 733 1233 fructuosae
768 1202 962 1245 putantur.
1017 1195 1210 1246 Sapientia
1242 1201 1278 1231 et

169 1247 395 1297 magnitudo
420 1248 553 1296 animi,
574 1248 652 1299 qu&⁴
670 1261 800 1285 omnes
818 1261 875 1285 res
893 1248 1072 1285 humanae
1090 1256 1220 1285 tenues
1240 1254 1277 1284 et

169 1314 238 1350 pro
267 1301 385 1338 nihilo
409 1308 593 1352 putantur
609 1315 620 1347 ;
651 1309 687 1339 et
704 1301 744 1338 in
763 1301 1009 1351 excogitando
1028 1301 1083 1339 vis
1102 1301 1277 1352 quaedam

169 1354 326 1404 ingenii,
355 1362 391 1392 et
418 1355 500 1406 ipsa
527 1355 755 1406 eloquentia,
782 1354 1039 1392 admirationis
1064 1355 1179 1392 habet
1202 1366 1277 1392 non

170 1407 312 1455 minus,
341 1408 590 1457 jucunditatis
609 1409 761 1446 minus:
791 1408 892 1458 ipsos
910 1408 1013 1445 enim
1031 1408 1153 1458 magis
1171 1407 1274 1445 vide-

169 1467 246 1508 tur,
268 1474 362 1511 quos
387 1462 604 1509 laudamus,
626 1475 743 1513 quam
769 1462 868 1509 illos,
895 1462 997 1512 apud
1023 1474 1118 1512 quos
1141 1461 1275 1498 lauda-

169 1525 270 1561 muS‚
292 1527 424 1553 ornare
443 1528 485 1553 ac
504 1515 612 1553 tueri.
642 1515 717 1553 Sed
742 1522 884 1561 tamen,
904 1515 944 1552 in
962 1514 1167 1561 laudando,
1184 1515 1275 1563 jun-

169 1567 294 1617 genda
313 1575 400 1605 sunt
419 1569 533 1606 etiam
551 1569 632 1606 haec
643 1581 780 1618 genera
792 1568 979 1606 virtutum
995 1583 1004 1606 ε
1035 1567 1162 1605 ferunt
1174 1567 1275 1605 enim

169 1633 277 1657 aures
298 1620 514 1670 hominum,
529 1635 617 1659 cum
635 1622 702 1659 illa
719 1635 805 1673 quae
817 1621 988 1670 jucunda
999 1628 1036 1659 et
1053 1628 1172 1671 grata,
1189 1627 1273 1658 tum

168 1673 283 1710 etiam
302 1674 369 1710 illa
388 1688 474 1725 quae
491 1675 680 1713 mirabilia
698 1683 785 1713 sunt
804 1675 844 1711 in
863 1675 1015 1722 virtute,
1034 1674 1192 1712 laudari.

222 1726 438 1765 LXXXV.
459 1728 525 1775 Et,
544 1729 724 1779 quoniam
740 1728 976 1778 singularum
989 1728 1174 1766 vixtutum
1187 1734 1275 1764 sunt

166 1787 268 1817 certa
286 1781 462 1830 quaedam
481 1781 602 1818 officia
620 1795 662 1819 ac
681 1794 853 1829 munera,
882 1786 918 1818 et
944 1793 1012 1818 sua
1037 1780 1172 1831 cuique
1198 1780 1273 1817 vir-

169 1833 243 1870 tuti
263 1833 345 1871 laus
363 1834 515 1884 propria
533 1835 703 1882 debetur,
725 1835 794 1872 erit
812 1833 1081 1884 explicandum
1101 1834 1140 1870 in
1158 1833 1273 1871 laude

165 1886 336 1935 justitiae,
359 1887 450 1938 quid
470 1900 557 1925 cum
576 1888 663 1935 fide,
680 1887 773 1938 quid
788 1900 876 1925 cum
895 1887 1160 1937 aequabilitate,
1177 1887 1271 1937 quid

168 1952 257 1977 cum
277 1940 461 1988 ejusmodi
482 1941 609 1991 aliquo
628 1940 762 1988 officio,
790 1940 835 1988 is,
863 1940 930 1991 qui
955 1940 1187 1988 laudabitur,
1215 1939 1271 1978 fe-

167 1993 270 2030 cerit.
300 1994 490 2045 Itemque,
506 1994 545 2030 in
560 1994 714 2042 caeteris,
734 2007 791 2031 res
809 2002 922 2044 gestae
933 1993 982 2030 ad
996 1993 1179 2043 cujusque
1197 1993 1272 2031 vir-

168 2047 260 2083 tutis
279 2059 411 2096 genus,
433 2054 469 2085 et
488 2047 581 2095 vim,
601 2056 638 2085 et
655 2060 809 2095 nomen⁷
830 2046 1228 2085 accommodabuntur.

222 2100 428 2138 Gratisima
452 2107 579 2138 autem
605 2101 688 2139 laus
718 2113 848 2139 eorum
881 2100 1067 2138 factorum
1091 2099 1267 2147 habetur,

162 2165 249 2203 quae
273 2161 445 2206 suscepta
472 2154 645 2193 videntur
672 2167 695 2193 a
720 2154 808 2194 viris
833 2153 992 2193 fortibus
1020 2153 1099 2192 sine
1124 2152 1270 2192 emolu-
