<?xml version="1.0" encoding="UTF-8"?>
<!DOCTYPE html PUBLIC "-//W3C//DTD XHTML 1.0 Transitional//EN"
    "http://www.w3.org/TR/xhtml1/DTD/xhtml1-transitional.dtd">
<html xmlns="http://www.w3.org/1999/xhtml" xml:lang="en" lang="en">
 <head>
  <title>
</title>
<meta http-equiv="Content-Type" content="text/html;charset=utf-8" />
  <meta name='ocr-system' content='tesseract 3.04.00' />
  <meta name='ocr-capabilities' content='ocr_page ocr_carea ocr_par ocr_line ocrx_word'/>
</head>
<body>
  <div class='ocr_page' id='page_1' title='image "./operaern01ciceuoft_0295.png"; bbox 0 0 1407 2334; ppageno 0'>
   <div class='ocr_carea' id='block_1_1' title="bbox 225 95 1183 148">
    <p class='ocr_par' dir='ltr' id='par_1_1' title="bbox 225 95 1183 148">
     <span class='ocr_line' id='line_1_1' title="bbox 225 95 1183 148; baseline 0.005 -12"><span class='ocrx_word' id='word_1_1' title='bbox 225 96 301 136; x_wconf 91' lang='lat' dir='ltr'>DE</span> <span class='ocrx_word' id='word_1_2' title='bbox 329 97 620 148; x_wconf 88' lang='lat' dir='ltr'>ORATORE,</span> <span class='ocrx_word' id='word_1_3' title='bbox 651 98 748 137; x_wconf 80' lang='lat' dir='ltr'>Lm.</span> <span class='ocrx_word' id='word_1_4' title='bbox 777 97 834 136; x_wconf 92' lang='lat' dir='ltr'>II.</span> <span class='ocrx_word' id='word_1_5' title='bbox 865 96 967 136; x_wconf 74' lang='lat' dir='ltr'><strong>CAP.</strong></span> <span class='ocrx_word' id='word_1_6' title='bbox 988 98 1051 135; x_wconf 90' lang='grc'>80.</span> <span class='ocrx_word' id='word_1_7' title='bbox 1106 95 1183 140; x_wconf 84' lang='grc'>277</span> 
     </span>
    </p>
   </div>
   <div class='ocr_carea' id='block_1_2' title="bbox 94 201 1200 1683">
    <p class='ocr_par' dir='ltr' id='par_1_2' title="bbox 94 201 1187 468">
     <span class='ocr_line' id='line_1_2' title="bbox 95 201 1184 252; baseline -0.002 -12"><span class='ocrx_word' id='word_1_8' title='bbox 95 209 161 240; x_wconf 89' lang='lat' dir='ltr'>aut</span> <span class='ocrx_word' id='word_1_9' title='bbox 179 203 419 243; x_wconf 82' lang='lat' dir='ltr'>alliciendum</span> <span class='ocrx_word' id='word_1_10' title='bbox 438 212 504 243; x_wconf 88' lang='lat' dir='ltr'>aut</span> <span class='ocrx_word' id='word_1_11' title='bbox 520 205 768 252; x_wconf 87' lang='lat' dir='ltr'>incitandum,</span> <span class='ocrx_word' id='word_1_12' title='bbox 784 217 830 242; x_wconf 84' lang='lat' dir='ltr'>ex</span> <span class='ocrx_word' id='word_1_13' title='bbox 845 203 888 241; x_wconf 89' lang='lat' dir='ltr'>iis</span> <span class='ocrx_word' id='word_1_14' title='bbox 906 203 995 242; x_wconf 89' lang='lat' dir='ltr'>locis</span> <span class='ocrx_word' id='word_1_15' title='bbox 1010 201 1184 248; x_wconf 86' lang='lat' dir='ltr'>trahitur,</span> 
     </span>
     <span class='ocr_line' id='line_1_3' title="bbox 95 255 1187 306; baseline -0.003 -12"><span class='ocrx_word' id='word_1_16' title='bbox 95 256 175 306; x_wconf 93' lang='lat' dir='ltr'>qui,</span> <span class='ocrx_word' id='word_1_17' title='bbox 207 257 255 294; x_wconf 85' lang='lat' dir='ltr'>ad</span> <span class='ocrx_word' id='word_1_18' title='bbox 286 265 410 295; x_wconf 87' lang='lat' dir='ltr'>motus</span> <span class='ocrx_word' id='word_1_19' title='bbox 442 258 654 296; x_wconf 90' lang='lat' dir='ltr'>animorum</span> <span class='ocrx_word' id='word_1_20' title='bbox 687 257 944 304; x_wconf 86' lang='lat' dir='ltr'>conficiendos,</span> <span class='ocrx_word' id='word_1_21' title='bbox 969 257 1120 293; x_wconf 87' lang='lat' dir='ltr'>inerunt</span> <span class='ocrx_word' id='word_1_22' title='bbox 1147 255 1187 292; x_wconf 90' lang='lat' dir='ltr'>in</span> 
     </span>
     <span class='ocr_line' id='line_1_4' title="bbox 95 308 1187 362; baseline -0.003 -16"><span class='ocrx_word' id='word_1_23' title='bbox 95 309 234 353; x_wconf 62' lang='lat' dir='ltr'>causag</span> <span class='ocrx_word' id='word_1_24' title='bbox 265 323 358 361; x_wconf 92' lang='lat' dir='ltr'>quos</span> <span class='ocrx_word' id='word_1_25' title='bbox 376 317 502 349; x_wconf 83' lang='lat' dir='ltr'>tamen</span> <span class='ocrx_word' id='word_1_26' title='bbox 521 319 616 349; x_wconf 87' lang='lat' dir='ltr'>totos</span> <span class='ocrx_word' id='word_1_27' title='bbox 644 311 682 348; x_wconf 89' lang='lat' dir='ltr'>in</span> <span class='ocrx_word' id='word_1_28' title='bbox 708 310 891 362; x_wconf 90' lang='lat' dir='ltr'>principio</span> <span class='ocrx_word' id='word_1_29' title='bbox 916 308 1093 360; x_wconf 88' lang='lat' dir='ltr'>explicari</span> <span class='ocrx_word' id='word_1_30' title='bbox 1111 319 1187 344; x_wconf 90' lang='lat' dir='ltr'>non</span> 
     </span>
     <span class='ocr_line' id='line_1_5' title="bbox 94 360 1185 414; baseline -0.002 -15"><span class='ocrx_word' id='word_1_31' title='bbox 94 363 292 412; x_wconf 85' lang='lat' dir='ltr'><strong>oportebit,</strong></span> <span class='ocrx_word' id='word_1_32' title='bbox 312 363 376 401; x_wconf 89' lang='lat' dir='ltr'>sed</span> <span class='ocrx_word' id='word_1_33' title='bbox 391 372 538 402; x_wconf 90' lang='lat' dir='ltr'>tantum</span> <span class='ocrx_word' id='word_1_34' title='bbox 558 365 702 414; x_wconf 87' lang='lat' dir='ltr'>impelli</span> <span class='ocrx_word' id='word_1_35' title='bbox 720 365 842 414; x_wconf 86' lang='lat' dir='ltr'>primo</span> <span class='ocrx_word' id='word_1_36' title='bbox 858 363 1024 412; x_wconf 88' lang='lat' dir='ltr'>judicem</span> <span class='ocrx_word' id='word_1_37' title='bbox 1042 360 1185 408; x_wconf 87' lang='lat' dir='ltr'>leviter,</span> 
     </span>
     <span class='ocr_line' id='line_1_6' title="bbox 97 416 948 468; baseline 0.002 -17"><span class='ocrx_word' id='word_1_38' title='bbox 97 422 140 451; x_wconf 92' lang='lat' dir='ltr'>ut</span> <span class='ocrx_word' id='word_1_39' title='bbox 155 416 234 463; x_wconf 88' lang='lat' dir='ltr'>jam</span> <span class='ocrx_word' id='word_1_40' title='bbox 254 416 431 454; x_wconf 88' lang='lat' dir='ltr'>inclinato</span> <span class='ocrx_word' id='word_1_41' title='bbox 450 418 594 468; x_wconf 87' lang='lat' dir='ltr'>reliqua</span> <span class='ocrx_word' id='word_1_42' title='bbox 612 418 804 455; x_wconf 86' lang='lat' dir='ltr'><strong>incumbat</strong></span> <span class='ocrx_word' id='word_1_43' title='bbox 822 416 948 453; x_wconf 85' lang='lat' dir='ltr'>oratio.</span> 
     </span>
    </p>

    <p class='ocr_par' dir='ltr' id='par_1_3' title="bbox 97 467 1195 997">
     <span class='ocr_line' id='line_1_7' title="bbox 151 467 1188 519; baseline -0.002 -14"><span class='ocrx_word' id='word_1_44' title='bbox 151 467 324 506; x_wconf 86' lang='lat' dir='ltr'>LXXX.</span> <span class='ocrx_word' id='word_1_45' title='bbox 353 469 577 508; x_wconf 87' lang='lat' dir='ltr'>Connexum</span> <span class='ocrx_word' id='word_1_46' title='bbox 593 478 719 508; x_wconf 88' lang='lat' dir='ltr'>autem</span> <span class='ocrx_word' id='word_1_47' title='bbox 732 471 784 507; x_wconf 92' lang='lat' dir='ltr'>ita</span> <span class='ocrx_word' id='word_1_48' title='bbox 798 469 845 506; x_wconf 81' lang='lat' dir='ltr'>sit</span> <span class='ocrx_word' id='word_1_49' title='bbox 858 467 1084 519; x_wconf 89' lang='lat' dir='ltr'>principium</span> <span class='ocrx_word' id='word_1_50' title='bbox 1100 479 1188 504; x_wconf 86' lang='lat' dir='ltr'>con-</span> 
     </span>
     <span class='ocr_line' id='line_1_8' title="bbox 98 520 1190 574; baseline 0 -17"><span class='ocrx_word' id='word_1_51' title='bbox 98 522 266 570; x_wconf 87' lang='lat' dir='ltr'>sequenti</span> <span class='ocrx_word' id='word_1_52' title='bbox 285 523 456 569; x_wconf 88' lang='lat' dir='ltr'>orationi,</span> <span class='ocrx_word' id='word_1_53' title='bbox 476 530 519 560; x_wconf 84' lang='lat' dir='ltr'>ut</span> <span class='ocrx_word' id='word_1_54' title='bbox 540 535 629 569; x_wconf 90' lang='lat' dir='ltr'>non,</span> <span class='ocrx_word' id='word_1_55' title='bbox 649 532 845 574; x_wconf 88' lang='lat' dir='ltr'><strong>tamquam</strong></span> <span class='ocrx_word' id='word_1_56' title='bbox 864 520 1053 559; x_wconf 86' lang='lat' dir='ltr'>citharoedi</span> <span class='ocrx_word' id='word_1_57' title='bbox 1071 533 1190 570; x_wconf 88' lang='lat' dir='ltr'>prooe-</span> 
     </span>
     <span class='ocr_line' id='line_1_9' title="bbox 97 573 1190 626; baseline -0.001 -16"><span class='ocrx_word' id='word_1_58' title='bbox 97 574 220 611; x_wconf 89' lang='lat' dir='ltr'>mium</span> <span class='ocrx_word' id='word_1_59' title='bbox 238 574 405 612; x_wconf 88' lang='lat' dir='ltr'>affictum</span> <span class='ocrx_word' id='word_1_60' title='bbox 424 576 590 626; x_wconf 82' lang='lat' dir='ltr'>aliquod,</span> <span class='ocrx_word' id='word_1_61' title='bbox 611 577 673 614; x_wconf 88' lang='lat' dir='ltr'>sed</span> <span class='ocrx_word' id='word_1_62' title='bbox 692 577 878 613; x_wconf 85' lang='lat' dir='ltr'>cohaerens</span> <span class='ocrx_word' id='word_1_63' title='bbox 892 587 979 612; x_wconf 89' lang='lat' dir='ltr'>cum</span> <span class='ocrx_word' id='word_1_64' title='bbox 993 573 1097 611; x_wconf 91' lang='lat' dir='ltr'>omni</span> <span class='ocrx_word' id='word_1_65' title='bbox 1111 585 1190 610; x_wconf 88' lang='lat' dir='ltr'>cor-</span> 
     </span>
     <span class='ocr_line' id='line_1_10' title="bbox 98 626 1191 676; baseline -0.001 -13"><span class='ocrx_word' id='word_1_66' title='bbox 98 639 187 676; x_wconf 88' lang='lat' dir='ltr'>pore</span> <span class='ocrx_word' id='word_1_67' title='bbox 213 630 442 674; x_wconf 77' lang='lat' dir='ltr'>membrum,</span> <span class='ocrx_word' id='word_1_68' title='bbox 467 642 543 667; x_wconf 88' lang='lat' dir='ltr'>esse</span> <span class='ocrx_word' id='word_1_69' title='bbox 562 630 741 667; x_wconf 87' lang='lat' dir='ltr'>videatur.</span> <span class='ocrx_word' id='word_1_70' title='bbox 773 629 876 665; x_wconf 88' lang='lat' dir='ltr'>Nam</span> <span class='ocrx_word' id='word_1_71' title='bbox 895 626 1082 673; x_wconf 79' lang='lat' dir='ltr'>nonnulli,</span> <span class='ocrx_word' id='word_1_72' title='bbox 1103 637 1191 663; x_wconf 88' lang='lat' dir='ltr'>cum</span> 
     </span>
     <span class='ocr_line' id='line_1_11' title="bbox 98 679 1193 731; baseline -0.002 -15"><span class='ocrx_word' id='word_1_73' title='bbox 98 679 195 716; x_wconf 86' lang='lat' dir='ltr'>illud</span> <span class='ocrx_word' id='word_1_74' title='bbox 214 681 382 718; x_wconf 85' lang='lat' dir='ltr'>meditati</span> <span class='ocrx_word' id='word_1_75' title='bbox 402 682 610 728; x_wconf 89' lang='lat' dir='ltr'>ediderunt,</span> <span class='ocrx_word' id='word_1_76' title='bbox 631 683 681 720; x_wconf 88' lang='lat' dir='ltr'>sic</span> <span class='ocrx_word' id='word_1_77' title='bbox 700 681 748 719; x_wconf 87' lang='lat' dir='ltr'>ad</span> <span class='ocrx_word' id='word_1_78' title='bbox 766 681 910 731; x_wconf 88' lang='lat' dir='ltr'>reliqua</span> <span class='ocrx_word' id='word_1_79' title='bbox 928 685 1133 725; x_wconf 88' lang='lat' dir='ltr'>transeunt,</span> <span class='ocrx_word' id='word_1_80' title='bbox 1149 684 1193 715; x_wconf 86' lang='lat' dir='ltr'>ut</span> 
     </span>
     <span class='ocr_line' id='line_1_12' title="bbox 100 732 1192 782; baseline -0.001 -14"><span class='ocrx_word' id='word_1_81' title='bbox 100 732 330 771; x_wconf 86' lang='lat' dir='ltr'>audientiam</span> <span class='ocrx_word' id='word_1_82' title='bbox 356 734 426 772; x_wconf 88' lang='lat' dir='ltr'>sibi</span> <span class='ocrx_word' id='word_1_83' title='bbox 456 735 534 772; x_wconf 85' lang='lat' dir='ltr'>fieri</span> <span class='ocrx_word' id='word_1_84' title='bbox 567 735 666 773; x_wconf 83' lang='lat' dir='ltr'>nolle</span> <span class='ocrx_word' id='word_1_85' title='bbox 691 734 899 772; x_wconf 90' lang='lat' dir='ltr'>videantur.</span> <span class='ocrx_word' id='word_1_86' title='bbox 936 733 1068 782; x_wconf 89' lang='lat' dir='ltr'><strong>Atque</strong></span> <span class='ocrx_word' id='word_1_87' title='bbox 1094 732 1192 779; x_wconf 91' lang='lat' dir='ltr'>ejus-</span> 
     </span>
     <span class='ocr_line' id='line_1_13' title="bbox 100 784 1192 837; baseline -0.002 -16"><span class='ocrx_word' id='word_1_88' title='bbox 100 785 203 822; x_wconf 89' lang='lat' dir='ltr'>modi</span> <span class='ocrx_word' id='word_1_89' title='bbox 232 786 299 823; x_wconf 88' lang='lat' dir='ltr'>illa</span> <span class='ocrx_word' id='word_1_90' title='bbox 334 788 498 837; x_wconf 89' lang='lat' dir='ltr'>prolusio</span> <span class='ocrx_word' id='word_1_91' title='bbox 534 788 643 825; x_wconf 86' lang='lat' dir='ltr'>debet</span> <span class='ocrx_word' id='word_1_92' title='bbox 670 800 760 835; x_wconf 91' lang='lat' dir='ltr'>esse,</span> <span class='ocrx_word' id='word_1_93' title='bbox 789 799 864 824; x_wconf 90' lang='lat' dir='ltr'>non</span> <span class='ocrx_word' id='word_1_94' title='bbox 892 793 935 823; x_wconf 94' lang='lat' dir='ltr'>ut</span> <span class='ocrx_word' id='word_1_95' title='bbox 962 784 1192 830; x_wconf 77' lang='lat' dir='ltr'>Samnitum,</span> 
     </span>
     <span class='ocr_line' id='line_1_14' title="bbox 100 836 1195 891; baseline -0.002 -17"><span class='ocrx_word' id='word_1_96' title='bbox 100 838 167 887; x_wconf 91' lang='lat' dir='ltr'>qui</span> <span class='ocrx_word' id='word_1_97' title='bbox 186 838 334 876; x_wconf 82' lang='lat' dir='ltr'>vibrant</span> <span class='ocrx_word' id='word_1_98' title='bbox 346 840 470 878; x_wconf 83' lang='lat' dir='ltr'>hastas</span> <span class='ocrx_word' id='word_1_99' title='bbox 484 849 570 878; x_wconf 87' lang='lat' dir='ltr'>ante</span> <span class='ocrx_word' id='word_1_100' title='bbox 583 853 766 891; x_wconf 85' lang='lat' dir='ltr'>pugnam,</span> <span class='ocrx_word' id='word_1_101' title='bbox 783 840 921 890; x_wconf 92' lang='lat' dir='ltr'>quibus</span> <span class='ocrx_word' id='word_1_102' title='bbox 935 839 973 875; x_wconf 92' lang='lat' dir='ltr'>in</span> <span class='ocrx_word' id='word_1_103' title='bbox 989 836 1195 888; x_wconf 88' lang='lat' dir='ltr'>pugnando</span> 
     </span>
     <span class='ocr_line' id='line_1_15' title="bbox 100 889 1195 943; baseline 0 -17"><span class='ocrx_word' id='word_1_104' title='bbox 100 890 196 927; x_wconf 86' lang='lat' dir='ltr'>nihil</span> <span class='ocrx_word' id='word_1_105' title='bbox 214 899 398 938; x_wconf 89' lang='lat' dir='ltr'>utuntur;</span> <span class='ocrx_word' id='word_1_106' title='bbox 430 893 493 930; x_wconf 89' lang='lat' dir='ltr'>sed</span> <span class='ocrx_word' id='word_1_107' title='bbox 512 901 555 931; x_wconf 92' lang='lat' dir='ltr'>ut</span> <span class='ocrx_word' id='word_1_108' title='bbox 573 894 661 943; x_wconf 88' lang='lat' dir='ltr'>ipsis</span> <span class='ocrx_word' id='word_1_109' title='bbox 680 893 883 940; x_wconf 82' lang='lat' dir='ltr'>sententiis,</span> <span class='ocrx_word' id='word_1_110' title='bbox 913 891 1049 942; x_wconf 90' lang='lat' dir='ltr'>quibus</span> <span class='ocrx_word' id='word_1_111' title='bbox 1067 889 1195 941; x_wconf 86' lang='lat' dir='ltr'>prolu-</span> 
     </span>
     <span class='ocr_line' id='line_1_16' title="bbox 100 945 676 997; baseline 0.007 -17"><span class='ocrx_word' id='word_1_112' title='bbox 100 951 240 991; x_wconf 88' lang='lat' dir='ltr'>serunt,</span> <span class='ocrx_word' id='word_1_113' title='bbox 261 945 320 982; x_wconf 92' lang='lat' dir='ltr'>vel</span> <span class='ocrx_word' id='word_1_114' title='bbox 337 959 505 996; x_wconf 86' lang='lat' dir='ltr'>pugnare</span> <span class='ocrx_word' id='word_1_115' title='bbox 523 947 676 997; x_wconf 84' lang='lat' dir='ltr'>possint.</span> 
     </span>
    </p>

    <p class='ocr_par' dir='ltr' id='par_1_4' title="bbox 100 995 1200 1683">
     <span class='ocr_line' id='line_1_17' title="bbox 154 995 1194 1050; baseline -0.001 -17"><span class='ocrx_word' id='word_1_116' title='bbox 154 996 195 1033; x_wconf 90' lang='lat' dir='ltr'>N</span> <span class='ocrx_word' id='word_1_117' title='bbox 197 1010 324 1036; x_wconf 63' lang='lat' dir='ltr'>artarev</span> <span class='ocrx_word' id='word_1_118' title='bbox 339 1011 422 1036; x_wconf 88' lang='lat' dir='ltr'>vero</span> <span class='ocrx_word' id='word_1_119' title='bbox 441 1012 519 1036; x_wconf 90' lang='lat' dir='ltr'>rem</span> <span class='ocrx_word' id='word_1_120' title='bbox 539 999 640 1050; x_wconf 91' lang='lat' dir='ltr'>quod</span> <span class='ocrx_word' id='word_1_121' title='bbox 658 999 817 1037; x_wconf 87' lang='lat' dir='ltr'>breviter</span> <span class='ocrx_word' id='word_1_122' title='bbox 831 999 966 1047; x_wconf 89' lang='lat' dir='ltr'>jubent</span> <span class='ocrx_word' id='word_1_123' title='bbox 982 1010 993 1042; x_wconf 77' lang='grc' dir='ltr'><strong>ς</strong></span> <span class='ocrx_word' id='word_1_124' title='bbox 1023 995 1054 1033; x_wconf 90' lang='lat' dir='ltr'>si</span> <span class='ocrx_word' id='word_1_125' title='bbox 1071 995 1194 1033; x_wconf 88' lang='lat' dir='ltr'>brevi-</span> 
     </span>
     <span class='ocr_line' id='line_1_18' title="bbox 100 1049 1194 1100; baseline -0.001 -14"><span class='ocrx_word' id='word_1_126' title='bbox 100 1055 156 1086; x_wconf 81' lang='lat' dir='ltr'>tas</span> <span class='ocrx_word' id='word_1_127' title='bbox 181 1051 405 1100; x_wconf 86' lang='lat' dir='ltr'>appellanda</span> <span class='ocrx_word' id='word_1_128' title='bbox 429 1059 497 1099; x_wconf 91' lang='lat' dir='ltr'>est,</span> <span class='ocrx_word' id='word_1_129' title='bbox 523 1065 610 1090; x_wconf 91' lang='lat' dir='ltr'>cum</span> <span class='ocrx_word' id='word_1_130' title='bbox 638 1054 795 1090; x_wconf 87' lang='lat' dir='ltr'>verbum</span> <span class='ocrx_word' id='word_1_131' title='bbox 820 1051 969 1088; x_wconf 86' lang='lat' dir='ltr'>nullum</span> <span class='ocrx_word' id='word_1_132' title='bbox 996 1049 1194 1095; x_wconf 87' lang='lat' dir='ltr'>redundat,</span> 
     </span>
     <span class='ocr_line' id='line_1_19' title="bbox 100 1102 1194 1151; baseline 0 -13"><span class='ocrx_word' id='word_1_133' title='bbox 100 1102 222 1140; x_wconf 90' lang='lat' dir='ltr'>brevis</span> <span class='ocrx_word' id='word_1_134' title='bbox 241 1110 294 1140; x_wconf 89' lang='lat' dir='ltr'>est</span> <span class='ocrx_word' id='word_1_135' title='bbox 313 1104 359 1141; x_wconf 87' lang='lat' dir='ltr'>L.</span> <span class='ocrx_word' id='word_1_136' title='bbox 377 1104 499 1149; x_wconf 81' lang='lat' dir='ltr'>Crassi</span> <span class='ocrx_word' id='word_1_137' title='bbox 514 1106 655 1151; x_wconf 80' lang='lat' dir='ltr'>orati03</span> <span class='ocrx_word' id='word_1_138' title='bbox 685 1106 741 1142; x_wconf 90' lang='lat' dir='ltr'>sin</span> <span class='ocrx_word' id='word_1_139' title='bbox 755 1112 837 1142; x_wconf 90' lang='lat' dir='ltr'>tum</span> <span class='ocrx_word' id='word_1_140' title='bbox 851 1111 905 1141; x_wconf 88' lang='lat' dir='ltr'>est</span> <span class='ocrx_word' id='word_1_141' title='bbox 918 1102 1092 1148; x_wconf 81' lang='lat' dir='ltr'>brevitas,</span> <span class='ocrx_word' id='word_1_142' title='bbox 1107 1114 1194 1139; x_wconf 89' lang='lat' dir='ltr'>cum</span> 
     </span>
     <span class='ocr_line' id='line_1_20' title="bbox 100 1155 1197 1209; baseline -0.001 -18"><span class='ocrx_word' id='word_1_143' title='bbox 100 1160 250 1193; x_wconf 88' lang='lat' dir='ltr'>tantum</span> <span class='ocrx_word' id='word_1_144' title='bbox 269 1159 468 1195; x_wconf 87' lang='lat' dir='ltr'>verborum</span> <span class='ocrx_word' id='word_1_145' title='bbox 487 1165 554 1205; x_wconf 89' lang='lat' dir='ltr'>est,</span> <span class='ocrx_word' id='word_1_146' title='bbox 576 1166 761 1209; x_wconf 89' lang='lat' dir='ltr'>quantum</span> <span class='ocrx_word' id='word_1_147' title='bbox 781 1169 926 1195; x_wconf 89' lang='lat' dir='ltr'>necesse</span> <span class='ocrx_word' id='word_1_148' title='bbox 945 1164 1011 1203; x_wconf 86' lang='lat' dir='ltr'>est,</span> <span class='ocrx_word' id='word_1_149' title='bbox 1025 1155 1197 1205; x_wconf 85' lang='lat' dir='ltr'>aliquan-</span> 
     </span>
     <span class='ocr_line' id='line_1_21' title="bbox 102 1207 1198 1262; baseline 0 -18"><span class='ocrx_word' id='word_1_150' title='bbox 102 1207 150 1245; x_wconf 92' lang='lat' dir='ltr'>do</span> <span class='ocrx_word' id='word_1_151' title='bbox 169 1207 208 1245; x_wconf 89' lang='lat' dir='ltr'>id</span> <span class='ocrx_word' id='word_1_152' title='bbox 226 1222 320 1259; x_wconf 85' lang='lat' dir='ltr'>opus</span> <span class='ocrx_word' id='word_1_153' title='bbox 339 1217 416 1248; x_wconf 88' lang='lat' dir='ltr'>est:</span> <span class='ocrx_word' id='word_1_154' title='bbox 447 1211 510 1248; x_wconf 91' lang='lat' dir='ltr'>sed</span> <span class='ocrx_word' id='word_1_155' title='bbox 529 1224 625 1262; x_wconf 84' lang='lat' dir='ltr'>saepe</span> <span class='ocrx_word' id='word_1_156' title='bbox 644 1213 747 1249; x_wconf 89' lang='lat' dir='ltr'>obest</span> <span class='ocrx_word' id='word_1_157' title='bbox 773 1211 830 1248; x_wconf 92' lang='lat' dir='ltr'>vel</span> <span class='ocrx_word' id='word_1_158' title='bbox 855 1209 1022 1246; x_wconf 85' lang='lat' dir='ltr'>maxime</span> <span class='ocrx_word' id='word_1_159' title='bbox 1047 1208 1086 1244; x_wconf 93' lang='lat' dir='ltr'>in</span> <span class='ocrx_word' id='word_1_160' title='bbox 1113 1219 1198 1244; x_wconf 88' lang='lat' dir='ltr'>nar-</span> 
     </span>
     <span class='ocr_line' id='line_1_22' title="bbox 101 1260 1195 1315; baseline -0.001 -19"><span class='ocrx_word' id='word_1_161' title='bbox 101 1261 232 1308; x_wconf 85' lang='lat' dir='ltr'>rando,</span> <span class='ocrx_word' id='word_1_162' title='bbox 247 1274 323 1300; x_wconf 90' lang='lat' dir='ltr'>non</span> <span class='ocrx_word' id='word_1_163' title='bbox 343 1264 465 1301; x_wconf 89' lang='lat' dir='ltr'>solum</span> <span class='ocrx_word' id='word_1_164' title='bbox 480 1265 581 1315; x_wconf 86' lang='lat' dir='ltr'>quod</span> <span class='ocrx_word' id='word_1_165' title='bbox 596 1264 857 1302; x_wconf 84' lang='lat' dir='ltr'>obscuritatem</span> <span class='ocrx_word' id='word_1_166' title='bbox 873 1262 992 1308; x_wconf 82' lang='lat' dir='ltr'>affert,</span> <span class='ocrx_word' id='word_1_167' title='bbox 1006 1260 1069 1298; x_wconf 91' lang='lat' dir='ltr'>sed</span> <span class='ocrx_word' id='word_1_168' title='bbox 1082 1260 1195 1297; x_wconf 87' lang='lat' dir='ltr'>etiam</span> 
     </span>
     <span class='ocr_line' id='line_1_23' title="bbox 103 1313 1197 1368; baseline -0.001 -18"><span class='ocrx_word' id='word_1_169' title='bbox 103 1313 205 1363; x_wconf 91' lang='lat' dir='ltr'>quod</span> <span class='ocrx_word' id='word_1_170' title='bbox 223 1327 306 1352; x_wconf 87' lang='lat' dir='ltr'>eam</span> <span class='ocrx_word' id='word_1_171' title='bbox 326 1316 516 1364; x_wconf 88' lang='lat' dir='ltr'>virtutem,</span> <span class='ocrx_word' id='word_1_172' title='bbox 536 1331 622 1368; x_wconf 81' lang='lat' dir='ltr'>quae</span> <span class='ocrx_word' id='word_1_173' title='bbox 640 1316 860 1354; x_wconf 86' lang='lat' dir='ltr'>narrationis</span> <span class='ocrx_word' id='word_1_174' title='bbox 879 1321 933 1352; x_wconf 83' lang='lat' dir='ltr'>est</span> <span class='ocrx_word' id='word_1_175' title='bbox 950 1314 1132 1359; x_wconf 86' lang='lat' dir='ltr'>maxima,</span> <span class='ocrx_word' id='word_1_176' title='bbox 1153 1320 1197 1349; x_wconf 86' lang='lat' dir='ltr'>ut</span> 
     </span>
     <span class='ocr_line' id='line_1_24' title="bbox 100 1365 1197 1419; baseline -0.001 -17"><span class='ocrx_word' id='word_1_177' title='bbox 100 1367 283 1414; x_wconf 87' lang='lat' dir='ltr'>jucunda,</span> <span class='ocrx_word' id='word_1_178' title='bbox 300 1375 335 1405; x_wconf 88' lang='lat' dir='ltr'>et</span> <span class='ocrx_word' id='word_1_179' title='bbox 346 1369 393 1406; x_wconf 89' lang='lat' dir='ltr'>ad</span> <span class='ocrx_word' id='word_1_180' title='bbox 407 1370 708 1419; x_wconf 88' lang='lat' dir='ltr'>persuadendum</span> <span class='ocrx_word' id='word_1_181' title='bbox 721 1367 1000 1406; x_wconf 84' lang='lat' dir='ltr'>accommodata</span> <span class='ocrx_word' id='word_1_182' title='bbox 1011 1366 1071 1411; x_wconf 89' lang='lat' dir='ltr'>sit,</span> <span class='ocrx_word' id='word_1_183' title='bbox 1087 1365 1197 1402; x_wconf 90' lang='lat' dir='ltr'>tollit.</span> 
     </span>
     <span class='ocr_line' id='line_1_25' title="bbox 104 1418 1199 1473; baseline 0 -18"><span class='ocrx_word' id='word_1_184' title='bbox 104 1418 161 1456; x_wconf 88' lang='lat' dir='ltr'>Ut</span> <span class='ocrx_word' id='word_1_185' title='bbox 168 1419 246 1467; x_wconf 88' lang='lat' dir='ltr'>illa,</span> <span class='ocrx_word' id='word_1_186' title='bbox 258 1421 328 1458; x_wconf 72' lang='lat' dir='ltr'>“N</span> <span class='ocrx_word' id='word_1_187' title='bbox 331 1434 393 1458; x_wconf 88' lang='lat' dir='ltr'>am</span> <span class='ocrx_word' id='word_1_188' title='bbox 407 1423 439 1459; x_wconf 88' lang='lat' dir='ltr'>is</span> <span class='ocrx_word' id='word_1_189' title='bbox 450 1430 649 1473; x_wconf 88' lang='lat' dir='ltr'>postquam</span> <span class='ocrx_word' id='word_1_190' title='bbox 663 1422 815 1459; x_wconf 85' lang='lat' dir='ltr'>excessit</span> <span class='ocrx_word' id='word_1_191' title='bbox 823 1434 869 1458; x_wconf 86' lang='lat' dir='ltr'>ex</span> <span class='ocrx_word' id='word_1_192' title='bbox 879 1419 1072 1470; x_wconf 89' lang='lat' dir='ltr'>ephebis,&#39;&#39;</span> <span class='ocrx_word' id='word_1_193' title='bbox 1082 1431 1199 1468; x_wconf 89' lang='lat' dir='ltr'>quam</span> 
     </span>
     <span class='ocr_line' id='line_1_26' title="bbox 104 1470 1200 1523; baseline -0.001 -15"><span class='ocrx_word' id='word_1_194' title='bbox 104 1470 218 1521; x_wconf 86' lang='lat' dir='ltr'>longa</span> <span class='ocrx_word' id='word_1_195' title='bbox 236 1480 289 1510; x_wconf 89' lang='lat' dir='ltr'>est</span> <span class='ocrx_word' id='word_1_196' title='bbox 308 1475 469 1512; x_wconf 89' lang='lat' dir='ltr'>narratio</span> <span class='ocrx_word' id='word_1_197' title='bbox 484 1476 493 1512; x_wconf 69' lang='grc' dir='ltr'>ἱ</span> <span class='ocrx_word' id='word_1_198' title='bbox 532 1475 661 1513; x_wconf 89' lang='lat' dir='ltr'>Mores</span> <span class='ocrx_word' id='word_1_199' title='bbox 675 1474 914 1512; x_wconf 88' lang='lat' dir='ltr'>adolescentis</span> <span class='ocrx_word' id='word_1_200' title='bbox 928 1472 1058 1523; x_wconf 90' lang='lat' dir='ltr'>ipsius,</span> <span class='ocrx_word' id='word_1_201' title='bbox 1074 1479 1110 1508; x_wconf 91' lang='lat' dir='ltr'>et</span> <span class='ocrx_word' id='word_1_202' title='bbox 1124 1484 1200 1508; x_wconf 79' lang='lat' dir='ltr'>ser·-</span> 
     </span>
     <span class='ocr_line' id='line_1_27' title="bbox 107 1524 1198 1578; baseline -0.001 -17"><span class='ocrx_word' id='word_1_203' title='bbox 107 1524 190 1562; x_wconf 87' lang='lat' dir='ltr'>vilis</span> <span class='ocrx_word' id='word_1_204' title='bbox 208 1527 448 1575; x_wconf 83' lang='lat' dir='ltr'>percontatio,</span> <span class='ocrx_word' id='word_1_205' title='bbox 468 1540 569 1565; x_wconf 88' lang='lat' dir='ltr'>mors</span> <span class='ocrx_word' id='word_1_206' title='bbox 589 1527 794 1578; x_wconf 88' lang='lat' dir='ltr'>Chrysidis,</span> <span class='ocrx_word' id='word_1_207' title='bbox 811 1526 937 1564; x_wconf 85' lang='lat' dir='ltr'>vultus</span> <span class='ocrx_word' id='word_1_208' title='bbox 965 1532 1001 1562; x_wconf 87' lang='lat' dir='ltr'>et</span> <span class='ocrx_word' id='word_1_209' title='bbox 1018 1524 1141 1562; x_wconf 90' lang='lat' dir='ltr'>forma</span> <span class='ocrx_word' id='word_1_210' title='bbox 1161 1530 1198 1561; x_wconf 91' lang='lat' dir='ltr'>et</span> 
     </span>
     <span class='ocr_line' id='line_1_28' title="bbox 105 1576 1200 1631; baseline 0 -17"><span class='ocrx_word' id='word_1_211' title='bbox 105 1576 323 1616; x_wconf 87' lang='lat' dir='ltr'>lamentatio</span> <span class='ocrx_word' id='word_1_212' title='bbox 342 1580 488 1627; x_wconf 91' lang='lat' dir='ltr'>sororis,</span> <span class='ocrx_word' id='word_1_213' title='bbox 509 1581 666 1631; x_wconf 87' lang='lat' dir='ltr'>reliqua,</span> <span class='ocrx_word' id='word_1_214' title='bbox 682 1579 848 1631; x_wconf 89' lang='lat' dir='ltr'>pervarie</span> <span class='ocrx_word' id='word_1_215' title='bbox 859 1577 1101 1628; x_wconf 87' lang='lat' dir='ltr'>jucundeque</span> <span class='ocrx_word' id='word_1_216' title='bbox 1114 1589 1200 1615; x_wconf 88' lang='lat' dir='ltr'>nar-</span> 
     </span>
     <span class='ocr_line' id='line_1_29' title="bbox 105 1632 1046 1683; baseline 0.001 -16"><span class='ocrx_word' id='word_1_217' title='bbox 105 1640 246 1668; x_wconf 90' lang='lat' dir='ltr'>rantur.</span> <span class='ocrx_word' id='word_1_218' title='bbox 302 1632 418 1680; x_wconf 89' lang='lat' dir='ltr'>Quod</span> <span class='ocrx_word' id='word_1_219' title='bbox 437 1634 467 1671; x_wconf 93' lang='lat' dir='ltr'>si</span> <span class='ocrx_word' id='word_1_220' title='bbox 485 1634 582 1671; x_wconf 89' lang='lat' dir='ltr'>hanc</span> <span class='ocrx_word' id='word_1_221' title='bbox 601 1634 821 1672; x_wconf 88' lang='lat' dir='ltr'>brevitatem</span> <span class='ocrx_word' id='word_1_222' title='bbox 840 1632 1046 1683; x_wconf 74' lang='lat' dir='ltr'>quaesisset,</span> 
     </span>
    </p>
   </div>
   <div class='ocr_carea' id='block_1_3' title="bbox 160 1704 1074 1810">
    <p class='ocr_par' dir='ltr' id='par_1_5' title="bbox 160 1704 1074 1810">
     <span class='ocr_line' id='line_1_30' title="bbox 161 1704 1074 1758; baseline -0.002 -15"><span class='ocrx_word' id='word_1_223' title='bbox 161 1706 189 1727; x_wconf 87' lang='lat'><strong>“</strong></span> <span class='ocrx_word' id='word_1_224' title='bbox 208 1704 403 1751; x_wconf 78' lang='lat' dir='ltr'>Effertur3</span> <span class='ocrx_word' id='word_1_225' title='bbox 432 1707 556 1752; x_wconf 82' lang='lat' dir='ltr'>imus;</span> <span class='ocrx_word' id='word_1_226' title='bbox 586 1707 634 1745; x_wconf 87' lang='lat' dir='ltr'>ad</span> <span class='ocrx_word' id='word_1_227' title='bbox 651 1707 865 1758; x_wconf 88' lang='lat' dir='ltr'>sepulcrum</span> <span class='ocrx_word' id='word_1_228' title='bbox 880 1704 1074 1744; x_wconf 83' lang='lat' dir='ltr'>venimus:</span> 
     </span>
     <span class='ocr_line' id='line_1_31' title="bbox 160 1758 606 1810; baseline 0.004 -14"><span class='ocrx_word' id='word_1_229' title='bbox 160 1758 209 1796; x_wconf 92' lang='lat' dir='ltr'>In</span> <span class='ocrx_word' id='word_1_230' title='bbox 227 1759 354 1809; x_wconf 88' lang='lat' dir='ltr'>ignem</span> <span class='ocrx_word' id='word_1_231' title='bbox 373 1760 493 1810; x_wconf 88' lang='lat' dir='ltr'>posita</span> <span class='ocrx_word' id='word_1_232' title='bbox 510 1760 606 1809; x_wconf 88' lang='lat' dir='ltr'>est,”</span> 
     </span>
    </p>
   </div>
   <div class='ocr_carea' id='block_1_4' title="bbox 92 1843 1203 2210">
    <p class='ocr_par' dir='ltr' id='par_1_6' title="bbox 92 1843 1203 2210">
     <span class='ocr_line' id='line_1_32' title="bbox 111 1843 1201 1898; baseline -0.001 -16"><span class='ocrx_word' id='word_1_233' title='bbox 111 1843 209 1893; x_wconf 86' lang='lat' dir='ltr'>[fere</span> <span class='ocrx_word' id='word_1_234' title='bbox 245 1844 372 1884; x_wconf 90' lang='lat' dir='ltr'>decem</span> <span class='ocrx_word' id='word_1_235' title='bbox 399 1846 607 1898; x_wconf 86' lang='lat' dir='ltr'>versiculis]</span> <span class='ocrx_word' id='word_1_236' title='bbox 643 1853 766 1884; x_wconf 90' lang='lat' dir='ltr'>totum</span> <span class='ocrx_word' id='word_1_237' title='bbox 792 1847 970 1885; x_wconf 86' lang='lat' dir='ltr'>conficere</span> <span class='ocrx_word' id='word_1_238' title='bbox 994 1844 1174 1896; x_wconf 87' lang='lat' dir='ltr'>potuisset</span> <span class='ocrx_word' id='word_1_239' title='bbox 1189 1858 1201 1881; x_wconf 69' lang='grc' dir='ltr'><strong><em>ε</em></strong></span> 
     </span>
     <span class='ocr_line' id='line_1_33' title="bbox 109 1898 1202 1950; baseline -0.001 -15"><span class='ocrx_word' id='word_1_240' title='bbox 109 1911 343 1948; x_wconf 87' lang='lat' dir='ltr'>quamquam</span> <span class='ocrx_word' id='word_1_241' title='bbox 361 1899 430 1937; x_wconf 91' lang='lat' dir='ltr'>hoc</span> <span class='ocrx_word' id='word_1_242' title='bbox 449 1900 588 1950; x_wconf 90' lang='lat' dir='ltr'>ipsum,</span> <span class='ocrx_word' id='word_1_243' title='bbox 610 1902 638 1922; x_wconf 73' lang='lat'>‘⁶</span> <span class='ocrx_word' id='word_1_244' title='bbox 657 1900 838 1947; x_wconf 84' lang='lat' dir='ltr'>Effertur,</span> <span class='ocrx_word' id='word_1_245' title='bbox 854 1899 995 1946; x_wconf 90' lang='lat' dir='ltr'>imus,’&#39;</span> <span class='ocrx_word' id='word_1_246' title='bbox 1011 1898 1202 1936; x_wconf 91' lang='lat' dir='ltr'>concisum</span> 
     </span>
     <span class='ocr_line' id='line_1_34' title="bbox 110 1951 1201 2000; baseline -0.002 -12"><span class='ocrx_word' id='word_1_247' title='bbox 110 1958 178 1997; x_wconf 81' lang='lat' dir='ltr'>est,</span> <span class='ocrx_word' id='word_1_248' title='bbox 197 1951 264 1998; x_wconf 86' lang='lat' dir='ltr'>ita,</span> <span class='ocrx_word' id='word_1_249' title='bbox 284 1958 327 1988; x_wconf 89' lang='lat' dir='ltr'>ut</span> <span class='ocrx_word' id='word_1_250' title='bbox 351 1964 426 1989; x_wconf 89' lang='lat' dir='ltr'>non</span> <span class='ocrx_word' id='word_1_251' title='bbox 444 1953 617 1990; x_wconf 77' lang='lat' dir='ltr'>brevitati</span> <span class='ocrx_word' id='word_1_252' title='bbox 635 1953 814 1991; x_wconf 89' lang='lat' dir='ltr'>servitum</span> <span class='ocrx_word' id='word_1_253' title='bbox 837 1954 897 1999; x_wconf 83' lang='lat' dir='ltr'>sit,</span> <span class='ocrx_word' id='word_1_254' title='bbox 919 1951 983 1990; x_wconf 91' lang='lat' dir='ltr'>sed</span> <span class='ocrx_word' id='word_1_255' title='bbox 1000 1951 1120 2000; x_wconf 87' lang='lat' dir='ltr'>magis</span> <span class='ocrx_word' id='word_1_256' title='bbox 1139 1962 1201 1987; x_wconf 92' lang='lat' dir='ltr'>ve-</span> 
     </span>
     <span class='ocr_line' id='line_1_35' title="bbox 109 2002 1203 2054; baseline -0.001 -14"><span class='ocrx_word' id='word_1_257' title='bbox 109 2003 260 2041; x_wconf 84' lang='lat' dir='ltr'>nustati.</span> <span class='ocrx_word' id='word_1_258' title='bbox 290 2004 405 2051; x_wconf 89' lang='lat' dir='ltr'>Quod</span> <span class='ocrx_word' id='word_1_259' title='bbox 420 2005 450 2042; x_wconf 91' lang='lat' dir='ltr'>si</span> <span class='ocrx_word' id='word_1_260' title='bbox 464 2005 558 2043; x_wconf 90' lang='lat' dir='ltr'>nihil</span> <span class='ocrx_word' id='word_1_261' title='bbox 572 2006 714 2053; x_wconf 84' lang='lat' dir='ltr'>fuisset,</span> <span class='ocrx_word' id='word_1_262' title='bbox 730 2006 816 2053; x_wconf 86' lang='lat' dir='ltr'>nisi,</span> <span class='ocrx_word' id='word_1_263' title='bbox 834 2008 862 2027; x_wconf 73' lang='lat'>‘⁶</span> <span class='ocrx_word' id='word_1_264' title='bbox 879 2005 926 2042; x_wconf 93' lang='lat' dir='ltr'>In</span> <span class='ocrx_word' id='word_1_265' title='bbox 941 2005 1067 2054; x_wconf 89' lang='lat' dir='ltr'>ignem</span> <span class='ocrx_word' id='word_1_266' title='bbox 1082 2002 1203 2053; x_wconf 82' lang='lat' dir='ltr'>posita</span> 
     </span>
     <span class='ocr_line' id='line_1_36' title="bbox 92 2055 1200 2109; baseline 0 -17"><span class='ocrx_word' id='word_1_267' title='bbox 92 2069 97 2072; x_wconf 66' lang='grc'><strong><em>’</em></strong></span> <span class='ocrx_word' id='word_1_268' title='bbox 110 2062 165 2092; x_wconf 87' lang='lat' dir='ltr'>est</span> <span class='ocrx_word' id='word_1_269' title='bbox 181 2057 221 2100; x_wconf 87' lang='lat'>;”</span> <span class='ocrx_word' id='word_1_270' title='bbox 249 2063 374 2095; x_wconf 84' lang='lat' dir='ltr'>tamen</span> <span class='ocrx_word' id='word_1_271' title='bbox 393 2071 449 2096; x_wconf 89' lang='lat' dir='ltr'>res</span> <span class='ocrx_word' id='word_1_272' title='bbox 467 2065 545 2096; x_wconf 76' lang='lat' dir='ltr'>tota</span> <span class='ocrx_word' id='word_1_273' title='bbox 558 2059 727 2109; x_wconf 88' lang='lat' dir='ltr'>cognosci</span> <span class='ocrx_word' id='word_1_274' title='bbox 738 2058 846 2096; x_wconf 82' lang='lat' dir='ltr'>facile</span> <span class='ocrx_word' id='word_1_275' title='bbox 857 2057 1046 2108; x_wconf 88' lang='lat' dir='ltr'>potuisset.</span> <span class='ocrx_word' id='word_1_276' title='bbox 1076 2055 1150 2094; x_wconf 87' lang='lat' dir='ltr'>Sed</span> <span class='ocrx_word' id='word_1_277' title='bbox 1164 2062 1200 2092; x_wconf 89' lang='lat' dir='ltr'>et</span> 
     </span>
     <span class='ocr_line' id='line_1_37' title="bbox 109 2107 1203 2161; baseline 0 -16"><span class='ocrx_word' id='word_1_278' title='bbox 109 2107 348 2148; x_wconf 50' lang='lat' dir='ltr'>festivitatem</span> <span class='ocrx_word' id='word_1_279' title='bbox 371 2111 485 2148; x_wconf 85' lang='lat' dir='ltr'>habet</span> <span class='ocrx_word' id='word_1_280' title='bbox 509 2112 671 2150; x_wconf 86' lang='lat' dir='ltr'>narratio</span> <span class='ocrx_word' id='word_1_281' title='bbox 695 2111 869 2149; x_wconf 86' lang='lat' dir='ltr'>distincta</span> <span class='ocrx_word' id='word_1_282' title='bbox 892 2109 1070 2161; x_wconf 83' lang='lat' dir='ltr'>personis,</span> <span class='ocrx_word' id='word_1_283' title='bbox 1091 2115 1127 2146; x_wconf 91' lang='lat' dir='ltr'>et</span> <span class='ocrx_word' id='word_1_284' title='bbox 1144 2108 1203 2145; x_wconf 85' lang='lat' dir='ltr'>in-</span> 
     </span>
     <span class='ocr_line' id='line_1_38' title="bbox 164 2162 866 2210; baseline 0.003 -12"><span class='ocrx_word' id='word_1_285' title='bbox 164 2162 355 2210; x_wconf 73' lang='lat' dir='ltr'>(thetor.)</span> <span class='ocrx_word' id='word_1_286' title='bbox 375 2174 477 2202; x_wconf 80' lang='lat' dir='ltr'>voL.</span> <span class='ocrx_word' id='word_1_287' title='bbox 500 2175 529 2201; x_wconf 92' lang='lat'>1.</span> <span class='ocrx_word' id='word_1_288' title='bbox 795 2165 819 2200; x_wconf 84' lang='lat'><strong>2</strong></span> <span class='ocrx_word' id='word_1_289' title='bbox 840 2173 866 2200; x_wconf 84' lang='lat' dir='ltr'>B</span> 
     </span>
    </p>
   </div>
  </div>
 </body>
</html>
