1429 2344
228 41 309 83 336
363 45 441 86 DE
463 48 759 103 ORATORE,
790 55 890 95 Lm.
911 57 996 97 III.
1026 57 1131 99 CAP.
1147 61 1213 100 43.

224 152 370 202 gauter,
391 169 508 207 quam
527 159 567 196 in
586 161 870 210 transferendo;
892 165 956 204 sed
971 167 1085 207 etiam
1101 169 1132 207 si
1145 169 1333 219 licentius,

225 213 353 245 tamen
372 209 564 250 interdum
583 225 660 252 non
678 216 943 267 impudenter:
975 229 1018 259 ut
1037 235 1125 261 cum
1139 227 1334 272 grandem

223 264 436 301 orationem
455 279 523 315 pro
541 269 697 318 magnii,
718 273 913 311 minutum
929 277 1106 314 animum
1119 291 1188 328 pro
1202 292 1333 329 parVO,

224 314 396 354 dicimus.
438 318 587 358 Verum
618 323 684 360 issa
710 325 892 365 videtisne
917 341 995 367 esse
1019 343 1096 368 non
1122 333 1239 380 verbi,
1268 334 1334 371 sed

222 370 414 419 orationis,
437 386 522 423 quae
541 388 587 412 ex
606 377 779 426 pluribus
799 383 859 423 (ut
879 384 1051 433 exposui)
1079 386 1333 424 translationi-

222 422 294 459 bus
313 436 483 464 connexa
502 432 621 467 sunt?
652 431 748 470 Haec
767 443 910 483 autem,
937 450 1024 487 quae
1043 446 1110 476 aut
1127 439 1333 478 immutata

222 487 301 514 esse
319 477 413 525 dixi,
435 488 501 517 aut
520 482 630 520 aliter
647 484 907 537 intelligenda,
929 503 972 528 ac
996 491 1222 540 dicerentur,
1243 502 1332 532 sunt

220 532 403 570 'translata
417 535 583 584 quodam
599 539 724 577 modo.
750 541 812 578 Ita
826 542 883 589 fit,
900 550 944 581 ut
958 546 1081 584 omnis
1095 547 1334 598 singulorum

220 586 422 623 verborum
443 589 561 627 virtus
580 598 694 643 atque
713 594 796 632 laus
815 596 936 635 tribus
955 599 1110 638 exsistat
1127 614 1175 639 ex
1194 603 1330 640 rebus:

218 636 250 673 si
269 646 335 676 aut
354 648 546 680 vetustum
566 649 725 684 verbum
745 648 806 697 sit,
827 651 931 701 quod
950 658 1078 691 tamen
1098 656 1330 694 consuetudo

217 690 315 730 ferre
334 695 474 744 possit3
506 705 572 735 aut
590 699 734 738 factum
754 704 814 740 vel
840 706 1117 756 conjunctione,
1138 709 1199 747 vel
1223 710 1330 747 novi-

216 750 307 793 ¹tate,
328 747 368 785 in
395 763 471 800 quo
495 750 587 789 item
607 762 662 792 est
686 756 841 794 auribus
863 761 1201 813 consuetudinique
1223 761 1333 814 [par-

216 800 381 839 cendum
396 804 429 854 3]
453 812 519 842 aut
538 809 776 859 translatum,
798 813 902 863 quod
919 815 1102 863 maxime,
1129 824 1329 868 tamquam

217 855 334 892 stellis
354 857 598 908 quibusdam,
620 871 727 901 notat
746 873 782 902 et
800 865 994 906 illuminat
1012 870 1233 908 orationem.

218 927 222 930 ·
269 908 450 960 Sequitur
487 915 719 955 continuatio
757 922 973 971 verborum,
1016 937 1103 974 quae
1139 924 1233 963 duas
1269 939 1331 964 res*

214 963 397 1011 maxime,
438 967 722 1009 collocationem
765 974 949 1023 primum,
995 976 1131 1016 deinde
1166 979 1327 1018 modum

214 1017 422 1065 quemdam
452 1020 706 1075 formamque,
738 1026 934 1066 desiderat.
976 1030 1242 1070 Collocationis
1272 1041 1328 1072 est

212 1081 439 1121 componere
458 1082 494 1111 et
512 1084 654 1115 struere
674 1081 787 1117 verba
806 1082 870 1130 sic,
892 1090 935 1120 ut
954 1096 1048 1122 neve
1066 1098 1174 1136 asper
1193 1100 1325 1125 eorum

212 1135 414 1164 concursus
439 1139 532 1166 neve
557 1130 706 1170 hiulcus
734 1133 795 1182 sit,
824 1136 888 1173 sed.
913 1138 1195 1187 quodammodo
1215 1154 1327 1192 coag-

209 1185 401 1218 mentatus
421 1188 456 1218 et
480 1183 597 1222 laevis.
638 1186 686 1223 In
706 1200 782 1237 quo
807 1189 931 1240 lepide
949 1191 990 1228 in
1009 1194 1125 1230 soceri
1143 1194 1220 1232 mei
1238 1209 1324 1246 per-

210 1232 304 1269 sona
321 1233 413 1271 lusit
431 1235 476 1284 is,
498 1238 565 1287 qui
585 1239 862 1290 elegantissime
878 1244 919 1281 id
936 1244 1058 1284 facere
1079 1248 1218 1298 potuit,
1239 1249 1328 1286 Lu-

200 1284 334 1334 -cilius,

263 1360 292 1381 “
312 1360 444 1409 Quam
476 1364 601 1417 lepide
632 1369 749 1408 lexeis
783 1373 1013 1424 compostae!
1055 1383 1100 1414 ut
1131 1377 1322 1416 tesserulae

208 1424 211 1427 ·
421 1431 552 1458 omnes

261 1466 434 1562 [Endo]l
452 1475 685 1546 pauimento,
720 1486 836 1531 atque
869 1482 1097 1522 emblemate
1132 1485 1319 1524 vermicu·

437 1534 510 1565 ato.

203 1610 305 1659 Quae
330 1626 419 1652 cum
446 1616 602 1656 dixisset
626 1620 668 1658 in
693 1621 910 1663 Albucium
934 1626 1114 1676 illudens,
1141 1640 1190 1666 ne
1213 1642 1237 1666 a
1254 1641 1318 1667 me

203 1665 359 1716 quidem
380 1671 588 1710 abstinuit:

256 1742 284 1763 ‘⁶
302 1742 483 1783 Crassum
511 1747 634 1787 habeo
662 1763 861 1802 generum,
892 1765 941 1792 ne
969 1755 1246 1794 rhetoricotero'
1273 1763 1315 1795 tu

415 1799 506 1837 sis.’‘

200 1884 309 1932 Quid
335 1891 454 1938 ergo?
475 1888 544 1928 iste
564 1890 736 1941 Crassus,
757 1894 940 1944 quoniam
959 1896 1041 1944 ejus
1060 1897 1226 1936 abuteris
1245 1911 1313 1937 no—

199 1940 317 1988 mine,
339 1942 433 1992 quid
452 1943 564 1981 efficit
579 1947 595 1983 Ρ
625 1946 727 1984 idem
745 1947 842 1985 illud
857 1949 1009 1997 scilicet,
1030 1957 1074 1987 ut
1092 1951 1156 1989 ille
1175 1953 1310 2001 voluit,

199 2000 236 2030 et
266 2007 335 2045 ego
365 1996 516 2044 vellem,
543 1999 680 2037 melius
708 2001 916 2052 aliquanto,
947 2016 1065 2054 quam
1091 2005 1308 2044 Albucius:

196 2059 331 2086 verum
352 2049 392 2086 in
412 2064 474 2088 me
493 2052 649 2103 quidem
666 2054 759 2092 lusit
776 2055 854 2102 ille,
875 2064 920 2094 ut
938 2057 1042 2095 solet.
1086 2058 1162 2097 Sed
1180 2067 1235 2098 est
1254 2067 1311 2098 ta-

196 2111 286 2138 men
312 2102 393 2141 haec
419 2105 612 2145 collocatio
637 2110 892 2148 conservanda
916 2113 1133 2159 verborum,
1160 2113 1208 2151 de
1233 2114 1313 2165 qua

195 2153 349 2206 loquor,
381 2171 469 2209 quae
489 2161 664 2210 junctam
692 2163 901 2218 orationem
926 2164 1054 2216 efficit,
1080 2179 1168 2218 quae
1191 2168 1313 2207 cohae.
