1407 2324
221 52 298 93 DE
317 52 739 102 ORATORE,L113.
755 52 838 91 ΙΙΙ.
867 51 972 91 CAP.
989 52 1053 90 44.
1109 51 1189 96 337

80 167 249 208 rentem,
269 174 356 213 quae
372 161 510 208 lenem,
535 174 657 212 quae
646 160 879 211 aequabiliter
902 159 1094 198 fluentem.
1142 158 1191 195 Id

88 215 353 276 assequemini,
385 215 416 252 si
441 216 554 252 verba
578 222 746 252 extrema
770 227 857 251 cum
877 212 1190 264 consequentibus

86 268 218 318 primis
242 268 295 305 ita
321 268 503 318 jungetis,
534 275 645 305 utne
677 280 805 317 aspere
830 275 1066 314 concurrant,
1096 278 1190 303 neve

88 320 228 359 vastius
247 321 485 359 diducantur.

133 374 288 412 XLIV.
305 374 418 412 Hanc
429 374 664 424 diligentiam
677 373 917 425 subsequitur
928 373 1063 411 modus
1075 372 1186 410 etiam

85 434 122 465 et
140 427 263 465 forma
281 429 496 474 verborum,
528 427 644 478 quod,
668 429 749 476 jam
776 440 916 474 vereor,
937 440 984 464 ne
1002 426 1091 463 huic
1116 426 1190 464 Ca-

84 480 166 518 tulo
191 481 361 519 videatur
384 494 462 519 esse
486 481 641 532 puerile.
683 481 825 518 Versus
851 481 952 517 enim
976 487 1114 517 veteres
1132 479 1190 516 illi

83 532 125 571 in
153 533 224 572 hac
254 534 376 572 soluta
405 535 571 572 oratione
600 534 890 585 propemodum,
917 534 988 571 hoc
1018 541 1086 579 est,
1115 545 1189 570 nu-

84 599 207 625 meros
232 588 431 638 quosdam,
462 588 570 625 nobis
596 600 672 625 esse
698 587 929 625 adhibendos
947 592 1188 637 putaverunt.

84 640 402 691 Interspirationis
422 641 537 687 enim,
559 653 635 678 non
655 640 932 691 defatigationis
951 647 1100 685 nostrae,
1122 652 1188 676 ne-

84 706 158 744 que
172 694 411 732 librariorum
426 694 537 741 notis,
559 694 623 732 sed
643 696 843 731 verborum
863 702 898 731 et
918 694 1188 733 sententiarum

83 747 211 795 mod0,
240 747 494 798 interpunctas
514 748 699 785 clausulas
718 748 757 784 in
777 747 1006 785 orationibus
1029 759 1106 784 esse
1124 759 1189 783 vo-

84 800 260 838 luerunt:
291 801 405 852 idque
423 801 595 852 princeps
616 802 797 838 Isocrates
821 800 1024 838 instituisse
1042 800 1186 844 fertur3

85 862 129 890 ut
157 853 388 892 inconditam
417 855 661 904 antiquorum
686 854 834 891 dicendi
862 853 1186 899 consuetudinem,

86 906 340 945 delectationis
369 914 483 958 atque
513 908 663 945 aurium
693 908 818 954 causa,
848 905 1188 957 (quemadmodum

87 961 214 998 scribit
232 960 436 1011 discipulus
455 962 535 1010 ejus
555 961 780 1007 Naucrates)
796 960 962 997 numeris
982 958 1190 1010 adstringe-

86 1020 153 1051 ret.
196 1014 377 1064 Namque
401 1013 481 1052 haec
506 1014 581 1051 duo
605 1014 753 1061 musici,
775 1014 841 1064 qui
866 1019 971 1051 erant
995 1012 1189 1063 quondam

86 1065 202 1105 iidem
219 1071 353 1118 poetae,
373 1068 579 1105 machinati
596 1068 645 1105 ad
664 1068 895 1118 voluptatem
916 1074 1016 1113 sunt,
1038 1078 1189 1103 versum

86 1128 200 1171 atque
230 1129 397 1168 cantum,
428 1128 471 1158 ut
500 1128 537 1158 et
565 1123 765 1159 verborum
790 1133 962 1168 numero,
989 1127 1025 1157 et
1053 1132 1189 1157 vocum

87 1174 214 1220 modo,
248 1172 530 1225 [delectatione]
562 1175 752 1212 vincerent
784 1174 934 1211 aurium
967 1173 1187 1210 satietatem.

88 1226 185 1265 Haec
202 1227 318 1278 igitur
336 1227 412 1264 duo
432 1227 547 1270 (vocis
566 1227 648 1265 dico
666 1227 975 1273 moderationem,
1004 1234 1040 1263 et
1059 1227 1190 1263 verbo-

84 1292 172 1318 rum
205 1281 512 1327 conclusionem),
546 1281 672 1331 quoad
703 1280 879 1318 orationis
907 1279 1081 1317 severitas
1108 1279 1189 1329 pati

85 1333 215 1384 possit,
246 1346 269 1370 a
291 1333 440 1385 poetica
463 1333 513 1371 ad
535 1333 790 1384 eloquentiam
815 1331 1044 1371 traducenda
1069 1331 1188 1370 duxe-

85 1394 186 1424 runt.

139 1441 188 1478 In
218 1453 294 1492 quo
322 1440 419 1478 illud
448 1447 502 1478 est
527 1440 586 1478 vel
610 1440 839 1487 maximum,
867 1439 970 1491 quod
994 1452 1121 1477 versus
1146 1438 1188 1477 in

84 1493 251 1531 oratione
281 1493 311 1531 si
341 1493 497 1532 efficitur
523 1493 785 1543 conjunctione
810 1495 1024 1541 verborum,
1052 1492 1189 1530 vitium

85 1554 165 1592 est;
196 1554 233 1585 et
261 1554 388 1585 tamen
418 1560 502 1585 eam
531 1547 847 1596 conjunctionem,
883 1546 992 1585 sicuti
1021 1559 1186 1592 versum,

85 1612 284 1639 numerose
312 1600 455 1647 cadere,
487 1607 524 1638 et
551 1600 748 1652 quadrare,
780 1607 817 1638 et
844 1600 973 1651 perfici
997 1599 1187 1637 volumus.

84 1653 224 1705 Neque
253 1661 308 1692 est
332 1667 379 1692 ex
403 1654 534 1691 multis
559 1667 617 1692 res
641 1666 732 1701 una,
759 1666 845 1704 quae
863 1653 984 1704 magis
1002 1660 1189 1691 oratorem

82 1708 132 1745 ab
164 1707 338 1758 imperito
374 1707 535 1754 dicendi,
573 1708 780 1758 ignaroque
815 1707 1036 1757 distinguat,
1070 1719 1189 1757 quam

84 1760 187 1811 quod
209 1761 273 1799 ille
297 1759 401 1798 rudis
419 1760 608 1798 incondite
625 1760 766 1807 fundit,
787 1768 974 1811 quantum
993 1766 1128 1810 potest,
1151 1766 1188 1796 et

81 1812 135 1861 id,
157 1814 259 1865 quod
277 1813 379 1860 dicit,
407 1813 555 1865 spiritu,
575 1826 652 1851 non
671 1821 763 1859 arte,
784 1813 1034 1858 determinat3
1065 1818 1189 1849 orator

81 1874 210 1905 autern
229 1867 280 1905 sic
298 1867 420 1917 illigat
439 1867 663 1905 sententiam
688 1867 823 1914 verbis,
849 1875 894 1905 ut
919 1879 1003 1904 eam
1027 1877 1187 1902 numero

81 1919 248 1970 quodam
267 1921 550 1971 complectatur,
572 1927 608 1958 et
626 1920 801 1958 adstricto
827 1928 863 1958 et
885 1921 1020 1958 soluto.
1064 1918 1186 1965 Nam,

81 1985 169 2010 cum
198 1973 320 2011 vinxit
349 1973 471 2011 modis
500 1981 536 2011 et
560 1973 698 2020 forma,
724 1974 867 2011 relaxat
892 1980 929 2010 et
954 1973 1089 2010 liberat
1113 1971 1188 2008 im-

82 2026 292 2064 mutatione
310 2026 464 2074 ordinis,
486 2035 528 2064 ut
543 2029 656 2066 verba
674 2040 796 2078 neque
815 2026 970 2077 alligata
988 2025 1063 2062 sint
1082 2023 1191 2075 quasi

80 2079 182 2119 certa
209 2079 339 2131 aliqua¹
365 2080 449 2130 lege
478 2083 618 2129 versus,
649 2093 771 2132 neque
799 2080 854 2118 ita
882 2079 1019 2126 soluta,
1050 2085 1094 2116 ut
1123 2089 1188 2122 va,-

81 2139 229 2186 gentur.

134 2186 334 2234 (Rhetor.)
353 2196 459 2226 vot..
482 2198 512 2225 1,
795 2188 819 2224 2
842 2197 867 2223 o
921 2188 924 2190 ’
