1407 2308
272 70 350 111 DE
369 70 662 120 0RATORE,
693 71 791 110 nm.
810 71 843 110 1.
871 71 975 110 cm».
992 71 1056 110 46.
1142 71 1213 116 171

167 176 322 216 XLVI
351 178 381 216 J
382 191 446 217 am
470 191 557 217 vero
575 179 643 216 illa
660 191 737 217 non
754 179 909 229 longam
927 178 1134 217 orationem
1152 177 1219 215 de-

114 230 291 280 siderant,
304 233 561 293 quamobrem
568 233 779 270 existimem
791 233 954 293 publica
958 244 1109 283 quoque
1117 232 1219 292 jura,

114 297 201 334 quae
218 292 307 323 sunt
323 286 475 336 propria
493 285 652 323 civitatis
670 293 783 337 atque
808 285 970 346 imperii,
992 292 1075 322 tum
1094 284 1220 322 moni-

112 344 242 377 menta
259 351 386 376 rerum
404 346 609 389 gestarum,
642 347 678 376 et
707 339 900 377 vetustatis
926 339 1114 399 exempla,
1136 350 1220 375 ora-

112 390 184 428 tori
203 398 292 430 nota
310 405 388 430 esse
406 392 551 430 debere.
581 392 687 430 Nam
706 400 762 440 ut,
783 393 823 430 in
842 405 968 430 rerum
986 392 1218 442 privatarum

111 444 233 482 causis
257 453 371 496 atque
386 445 551 495 judiciis,
581 445 834 496 depromenda
853 459 950 496 saepe
964 445 1080 483 oratio
1100 451 1154 483 est
1172 457 1220 482 ex

108 497 194 546 jure
212 498 327 547 civili,
358 506 396 537 et
413 499 549 537 idcirco
569 501 629 541 (ut
646 506 732 537 ante
757 499 941 546 diximus)
969 499 1105 536 oratori
1121 498 1217 547 juris

111 549 230 590 civilis
249 552 402 590 scientia
420 553 626 590 necessaria
644 560 723 598 est;
752 553 816 601 sic,
848 553 887 589 in
914 552 1034 590 causis
1058 551 1219 603 publicis

106 603 352 654 judiciorum,
373 606 610 654 concionum,
637 608 799 653 senatus,
821 606 942 643 omnis
960 605 1041 643 haec
1067 612 1103 643 et
1121 605 1218 643 anti-

111 658 265 707 quitatis
290 659 486 706 memoria,
519 666 555 697 et
584 659 727 710 publici
743 659 838 708 juris
864 659 1078 706 auctoritas,
1105 666 1142 696 et
1159 671 1217 696 re-

110 711 243 760 gendae
275 712 490 762 reipublicae
519 713 614 750 ratio
644 725 687 750 ac
717 712 882 760 scientia,
917 719 1112 763 tamquam
1142 711 1217 750 alia

109 764 296 813 materies,
325 765 370 803 iis
388 766 609 813 oratoribus,
643 766 710 816 qui
729 773 922 803 versantur
946 766 986 802 in
1005 765 1213 815 republica,

109 818 277 866 subjecta
307 831 384 856 esse
402 818 551 856 debent.
591 819 632 857 N
634 832 683 856 on
709 818 811 856 enim
832 818 1062 856 causidicum
1092 818 1218 857 nescio

107 883 238 920 quem,
264 883 387 922 neque
411 873 722 922 proclamatorem
748 879 814 909 aut
832 872 1021 919 rabulam,
1052 872 1124 909 hoc
1142 884 1219 909 ser-

106 935 220 962 mone
237 932 364 962 nostro
382 925 654 976 conquirimus,
685 925 749 963 sed
774 938 863 962 eum
882 925 1021 973 virum⁷
1053 925 1120 976 qui
1138 924 1217 975 pri-

107 988 217 1014 mum
236 977 284 1015 sit
301 979 382 1026 ejus
401 979 490 1016 artis
520 979 686 1027 antistes,
717 979 826 1026 cujus
854 991 942 1016 cum
970 978 1053 1029 ipsa
1081 985 1218 1016 natura

107 1042 287 1080 magnam
305 1031 453 1069 homini
476 1031 696 1070 facultatem
722 1032 840 1079 daret,
860 1038 988 1069 tamen
1008 1045 1085 1070 esse
1105 1031 1213 1070 Deus

106 1085 325 1133 putabatur,
338 1091 383 1122 ut
397 1092 434 1122 et
447 1085 588 1135 ipsum,
610 1085 712 1136 quod
728 1092 806 1122 erat
822 1085 987 1122 hominis
1000 1085 1214 1135 proprium,

104 1148 180 1176 non
199 1145 352 1188 partum
371 1151 438 1188 per
454 1151 537 1186 nos,
569 1139 634 1176 sed
658 1138 838 1176 divinitus
866 1138 914 1175 ad
939 1150 1007 1176 nos
1026 1138 1210 1187 delatum,

103 1189 317 1236 videretur3
338 1190 488 1239 deinde,
508 1191 574 1241 qui
588 1192 718 1242 possit,
732 1203 808 1228 non
823 1198 902 1229 tam
922 1191 1082 1229 caduceo
1098 1205 1216 1242 quam

103 1243 259 1283 nomine
276 1244 431 1282 oratoris
449 1252 617 1305 ornatus,
633 1245 848 1293 incolumis,
865 1245 924 1282 vel
939 1245 1035 1282 inter
1048 1245 1217 1284 hostium

103 1296 192 1344 tela,
212 1297 373 1335 versari·
409 1304 508 1345 tum,
540 1298 607 1348 qui
633 1298 752 1336 scelus
777 1297 1027 1358 fraudemque
1046 1298 1213 1339 nocentis

102 1349 220 1400 possit
246 1349 404 1388 dicendo
434 1351 616 1400 subjicere
648 1351 734 1389 odio
766 1351 920 1398 civium,
951 1351 1214 1402 supplicioque

103 1402 380 1454 constringere3
410 1403 588 1455 idemque
606 1404 748 1455 ingenii
766 1404 939 1454 praesidio
958 1404 1213 1443 innocentiam

98 1455 331 1504 judiciorum
348 1456 460 1507 poen'ssa
477 1457 660 1503 liberare,
649 1471 659 1480 ·
692 1458 870 1508 idemque
893 1458 1138 1508 languentem
1155 1458 1213 1496 la-

102 1510 331 1560 bentemque
355 1510 543 1560 populum
569 1517 636 1548 aut
664 1510 713 1548 ad
738 1510 851 1548 decus
869 1511 1044 1559 excitare,
1071 1518 1138 1550 aut
1162 1513 1211 1550 ab

100 1574 223 1602 errore
241 1562 430 1601 deducere
453 1570 519 1601 aut
536 1563 797 1602 inflammare
787 1577 827 1602 1n
841 1564 1047 1616 improbos,
1067 1572 1134 1602 aut
1152 1565 1212 1603 in-

99 1615 258 1655 citatum
276 1616 316 1653 in
330 1617 448 1654 bonos
466 1617 666 1667 mitigare;
695 1617 762 1669 qui
788 1617 964 1669 denique,
985 1630 1210 1669 quemcum-

99 1682 175 1720 que
192 1669 233 1706 in
251 1669 388 1708 animis
405 1669 606 1708 hominum
625 1678 774 1708 motum
804 1684 862 1709 res
889 1679 926 1709 et
949 1684 1062 1709 causa
1078 1678 1210 1722 postu-

99 1722 166 1770 let,
187 1735 275 1760 eum
290 1722 448 1760 dicendo
467 1723 527 1762 vel
542 1724 703 1762 excitare
717 1725 846 1776 possit,
861 1725 920 1762 vel
933 1725 1070 1763 sedare.
1093 1725 1209 1763 Hanc

99 1775 178 1813 vim
197 1775 228 1813 si
246 1776 331 1826 quis
350 1776 554 1825 existimat,
585 1785 652 1815 aut
679 1779 727 1816 ab
757 1778 802 1815 iis
829 1778 897 1829 qui
915 1777 962 1815 de
980 1778 1130 1816 dicendi
1147 1791 1209 1815 ra-

97 1828 198 1867 tione
217 1829 456 1879 scripserunt,
473 1831 681 1881 expositam
701 1843 791 1878 esse,
811 1838 878 1868 aut
896 1843 919 1867 a
936 1844 999 1869 me
1016 1844 1123 1882 posse
1142 1844 1210 1869 ex-

97 1882 188 1932 poni
206 1889 286 1920 tam
303 1883 422 1931 brevi,
449 1883 687 1922 vehementer
704 1892 829 1930 errat3
861 1896 984 1935 neque
1003 1884 1156 1922 solum
1146 1896 1206 1921 111-

46 1946 51 1947 ’
96 1934 292 1975 scientiam
319 1948 461 1997 meam,
492 1937 556 1974 sed
574 1949 622 1975 ne
639 1950 766 1975 rerum
785 1937 941 1988 quidem
966 1937 1202 1988 magnitudi-

95 1999 200 2038 nem,
219 1989 406 2040 perspicit.
434 1989 628 2041 Equidem
643 1991 760 2039 vobis,
789 1991 970 2042 quoniam
989 1991 1042 2028 ita
1061 1990 1204 2028 voluis-

94 2040 155 2090 tis,
188 2041 323 2091 fontes,
350 2042 452 2081 unde
478 2043 690 2091 hauriretis,
720 2051 834 2095 atque
861 2044 996 2081 itinera
1024 2043 1119 2094 ipsa,
1147 2042 1202 2081 ita

90 2094 222 2144 putavi
245 2108 322 2133 esse
339 2095 655 2142 demonstranda;
688 2109 764 2135 non
794 2104 838 2134 ut
867 2097 945 2147 ipse
974 2096 1054 2134 dux
1074 2108 1194 2134 essem

91 2147 210 2198 (quod
234 2154 271 2189 et
287 2148 480 2189 infinitum
499 2156 567 2198 est,
594 2156 632 2189 et
648 2161 725 2189 non
743 2150 1025 2198 necessarium),
1057 2148 1122 2188 sed
1147 2156 1192 2187 ut
