1407 2308
266 84 341 123 DE
371 84 664 134 ORATORE,
695 85 792 123 Lm.
815 85 849 123 Ι.
871 84 1049 124 C„1P.12.
1138 86 1211 123 135

107 205 182 243 que
200 192 279 231 sine
298 193 442 243 legum,
458 204 624 239 morum,
641 193 737 241 juris
750 192 917 239 scientia,
937 204 1060 243 neque
1079 191 1215 230 natura

107 246 308 283 hominum
333 246 538 296 incognita,
566 259 608 284 ac
632 246 814 293 moribus,
842 247 880 283 in
908 246 966 283 his
989 245 1078 297 ipsis
1104 247 1216 283 rebus

109 299 198 337 satis
216 299 349 337 callide
371 299 508 338 versari
534 307 570 337 et
589 299 706 350 perite
725 306 856 350 potest.
886 299 966 346 Qui
989 306 1117 337 autem
1135 299 1218 337 haec

108 353 336 403 cognoverit,
352 352 431 391 sine
445 352 584 404 quibus
598 365 646 390 ne
660 353 725 389 illa
737 353 890 404 quidem
906 353 1066 390 minima
1077 353 1116 389 in
1129 365 1217 390 cau-

108 406 158 444 sis
173 405 376 457 quisquam
396 414 493 444 recte
513 406 608 444 tueri
627 413 763 457 potest,
784 406 878 456 quid
897 406 985 444 huic
1006 407 1133 443 abesse
1150 419 1218 455 po-

111 459 196 497 terit
210 459 256 497 de
267 460 523 497 maximarum
536 472 663 497 rerum
676 459 855 497 scientia?
877 459 943 497 Sin
956 459 1110 497 orat01is
1122 459 1219 496 nihil

110 512 165 550 vis
177 525 269 561 esse,
282 513 354 551 nisi
369 513 585 564 composite,
599 520 741 560 ornate,
754 512 899 563 copiose
911 512 1056 562 eloqui:
1074 525 1217 563 quaero,

109 565 149 603 id
167 566 294 617 ipsum
314 567 381 617 qui
401 566 516 618 possit
535 566 682 617 assequi
701 566 780 604 sine
799 566 843 603 5-21
862 566 1028 614 scienti-21,
1050 578 1163 616 quam
1186 565 1219 602 ei

110 631 186 658 non
206 619 407 658 concedis?
437 620 599 658 Dicendi
617 620 719 657 enim
734 619 866 665 virtus,
880 619 952 656 nisi
967 619 1014 666 ei,
1031 619 1098 669 qui
1113 618 1216 661 dicit,

110 685 168 719 ea,
189 672 236 710 de
251 673 390 723 quibus
408 673 512 721 dicit,
528 680 703 724 percepta
717 673 804 720 sint,
825 681 969 710 exstare
988 684 1063 708 non
1082 679 1216 722 potest.

111 725 388 773 Quamobrem,
417 727 448 764 si
475 734 604 764 ornate
631 727 778 764 locutus
805 733 860 763 est
888 725 1001 767 (sicut
1026 725 1159 770 fertur,
1185 732 1221 762 et

110 779 205 816 mihi
225 779 388 827 videtur)
404 779 582 830 physicus
599 779 664 816 ille
678 779 939 823 Democritus;
959 778 1133 815 materies
1152 777 1219 814 illa

109 832 184 870 fuit
201 833 359 883 physici,
386 832 432 870 de
451 832 529 883 qua
556 832 677 869 dixit:
708 840 861 870 ornatus
881 844 966 869 vero
991 832 1071 882 ipse
1090 832 1221 868 verbo--

111 898 197 922 rum
217 886 372 923 oratoris
396 885 588 937 putandus
607 892 672 923 est.
702 885 769 931 Et,
791 885 823 922 si
850 885 975 930 Plato,
995 884 1042 922 (15
1067 886 1178 921 rebus
1197 897 1220 921 a

110 939 283 976 civilibus
300 938 556 977 controversiis
568 938 840 985 remotissimis,
855 937 1034 975 divinitus
1049 944 1103 975 est
1117 937 1220 975 locu-

111 998 172 1029 tus
185 991 306 1043 (quod
323 1005 393 1043 ego
411 992 590 1040 concedo)
605 1005 617 1037 ;
648 992 679 1030 51
693 992 783 1029 item
795 991 1032 1039 Aristoteles,
1049 991 1080 1028 si
1094 990 1223 1028 Theo-

109 1045 299 1096 phrastus,
319 1045 351 1083 si
370 1045 625 1094 Carneades,
615 1057 655 1082 m
675 1045 814 1083 rebus
805 1044 850 1082 1is
869 1044 916 1082 de
935 1043 1073 1095 quibus
1091 1043 1221 1094 dispu-

110 1105 297 1147 taverunt,
311 1099 542 1151 eloquentes,
558 1105 594 1137 et
605 1099 646 1136 in
657 1098 814 1137 dicendo
826 1110 957 1135 suaves
971 1104 1084 1147 atque
1096 1097 1217 1134 ornati

109 1151 290 1197 fuerunt;
319 1152 395 1190 sint
417 1152 478 1191 hae
504 1165 576 1201 res,
604 1151 651 1189 de
677 1151 816 1203 quibus
837 1151 1044 1202 disputant,
1071 1150 1111 1188 in
1138 1150 1221 1188 aliis

110 1204 340 1256 quibusdam
370 1205 529 1251 studiis;
559 1205 677 1244 oratio
702 1205 857 1256 quidem
882 1204 964 1255 ipsa
988 1203 1142 1255 propria
1165 1210 1220 1241 est

110 1258 227 1307 hujus
241 1259 355 1297 unius
372 1259 539 1306 rationis,
559 1258 607 1297 de
625 1272 703 1310 qua
719 1258 928 1309 loquimur,
945 1264 982 1295 et
1000 1257 1218 1308 quaerimus.

110 1311 267 1349 Etenim
286 1312 471 1361 videmus,
491 1311 624 1350 iisdem
644 1312 691 1350 de
709 1313 822 1349 rebus
838 1311 970 1360 jejune
984 1309 1168 1361 quosdam
1184 1316 1222 1347 et

110 1365 271 1411 exiliter,
291 1371 335 1403 ut
354 1378 457 1413 eum,
473 1377 587 1416 quem
603 1364 862 1403 acutissimum
877 1363 1018 1410 ferunt,
1035 1363 1217 1413 Chrysip-

111 1430 220 1468 pum,
246 1417 506 1468 disputavisse,
533 1430 658 1468 neque
682 1419 731 1455 ob
758 1429 840 1454 eam
867 1429 946 1454 rem
973 1416 1221 1467 philosophiae

111 1483 189 1508 non
207 1470 437 1519 satisfecisse,
457 1470 561 1522 quod
585 1482 661 1508 non
686 1469 860 1508 habuerit
883 1469 981 1508 hauc
1006 1469 1154 1507 dicendi
1179 1468 1219 1506 in

111 1530 190 1562 arte
208 1523 332 1562 aliena
349 1523 581 1562 facultatem.

165 1577 266 1615 XII.
295 1576 402 1637 Quid
413 1590 501 1627 ergo
513 1577 685 1615 interest.
676 1578 694 1604 ’ν’
709 1581 776 1614 aut
789 1574 857 1627 qui
872 1575 1056 1614 discernes
1068 1587 1215 1620 50111111,

111 1643 206 1682 quos
224 1630 431 1678 nominavi,
451 1632 660 1668 ubertatem
680 1630 719 1667 in
739 1629 910 1677 dicendo,
931 1637 968 1667 et
986 1628 1150 1680 copiam,
1171 1631 1219 1666 ab

111 1696 242 1722 corum
261 1683 441 1731 exilitate,
457 1683 524 1734 qui
539 1684 610 1722 hac
627 1682 775 1721 dicendi
786 1681 963 1720 varietate
982 1689 1019 1720 et
1032 1681 1220 1731 elegantia

111 1749 189 1775 non
209 1739 400 1775 utuntur?
429 1737 565 1775 Unum
584 1736 653 1774 erit
666 1735 845 1787 profecto,
867 1735 992 1795 quod*
982 1735 1023 1783 ιί,
1044 1735 1112 1795 qui
1125 1736 1221 1772 bene

111 1790 257 1838 dicunt,
285 1789 443 1828 afferant
473 1789 695 1841 proprium3
725 1788 970 1839 compositam
996 1788 1219 1835 orationem,

112 1850 150 1881 et
167 1850 352 1890 ornatam,
373 1850 410 1881 et
423 1843 578 1881 artificio
592 1842 759 1894 quodam
778 1850 815 1880 et
827 1841 1052 1892 expolitione
1067 1840 1220 1878 distine-

113 1904 204 1934 tam.
234 1896 329 1934 Haec
347 1903 475 1934 autem
493 1896 625 1943 oratio,
645 1896 677 1934 si
691 1908 748 1934 res
767 1907 842 1932 non
863 1896 990 1932 subest
1008 1896 1056 1931 ab
1077 1900 1221 1931 oratore

115 1955 302 2010 percepta·
305 1956 342 1987 et
360 1949 522 2000 cognita,
542 1956 609 1987 aut
627 1949 733 1987 nulla
752 1949 800 1986 sit
818 1960 965 1985 necesse
976 1954 1044 1993 est,
1058 1952 1123 1983 aut
1137 1958 1220 1983 om-

114 2003 221 2040 nium
239 2002 408 2040 irrisione
421 2003 586 2041 ludatur.
616 2001 723 2063 Quid
737 2009 793 2039 est
806 2001 908 2039 enim
923 2008 1002 2038 tam
1016 1999 1217 2059 furiosum,

115 2068 232 2106 quam
251 2057 466 2104 verborum,
487 2056 546 2094 vel
571 2056 803 2107 optimorum
829 2061 943 2104 atque
965 2051 1221 2090 ornatissimo-

115 2121 216 2173 rum,
236 2109 378 2147 sonitus
396 2109 532 2157 inanis,
552 2109 660 2147 nulla
674 2107 833 2157 subjectaA
829 2123 842 2144 ι
855 2105 1052 2152 sententia,
1070 2116 1138 2142 nec
1151 2105 1220 2142 sci-

116 2161 239 2200 entia.
230 2163 248 2187 '³
277 2161 478 2213 Quidquid
491 2162 560 2200 erit
573 2162 689 2212 igitur
699 2161 942 2212 quacumque
956 2171 1001 2197 ex
1017 2164 1110 2206 arte,
1125 2169 1220 2208 quo-
