1407 2308
251 84 329 124 DE
357 84 650 135 ORATORE,
679 84 833 124 11111.
863 85 966 124 CAP.
984 85 1048 123 44.
1120 85 1196 122 109

100 191 342 244 putationum
368 205 536 240 suarum,
565 193 632 244 qui
653 193 738 242 jure
763 192 862 231 civili
888 200 924 231 et
948 192 1094 243 legibus
1113 203 1202 229 con·-

102 245 282 284 tinentur.
322 246 385 284 Ex
404 247 462 284 his
481 247 582 284 enim
603 254 638 284 et
663 247 884 297 dignitatem
902 247 1069 284 maxime
1087 257 1201 295 expe-

103 299 256 337 tendam
282 299 467 348 videmus,
488 313 575 338 cum
596 313 717 346 verus,
735 301 873 348 justus,
895 306 1007 350 atque
1024 299 1202 336 honestus

102 351 209 390 labor
222 352 439 401 honoribus,
460 353 636 404 praemiis,
658 353 852 403 splendore
871 353 1090 397 decoratur;
1111 351 1204 388 vitia

104 413 233 443 autem
247 405 461 452 hominum,
482 415 594 458 atque
612 406 775 454 fraudes,
796 407 956 452 damnis,
972 404 1203 455 ignominiis,

104 458 277 505 vinculis,
309 460 537 506 verberibus,
569 459 721 506 exsiliis,
752 467 872 497 morte
903 460 1137 496 multantur:
1169 465 1206 494 et

105 511 296 559 docemur,
317 525 393 550 non
404 513 573 559 infinitis,
595 513 986 563 concertationumque
997 512 1116 563 plenis
1131 511 1206 548 dis-

106 566 380 615 putationibus,
414 566 478 603 sed
510 567 727 604 auctoritate
759 574 931 616 nutuque
962 566 1106 615 legum,
1139 564 1207 601 (lo-

107 618 218 656 mitas
242 618 379 656 habere
403 619 590 666 libidines,
621 623 786 657 coe'rcere
815 632 945 657 omnes
969 618 1206 669 cupiditates,

107 680 234 709 nostra
252 672 362 720 tueri,
383 674 430 710 ab
450 672 580 710 alienis
604 679 762 721 mentes,
782 673 921 721 oculos,
940 685 1077 710 manus
1095 671 1210 710 absti-

107 735 206 762 nere.

162 777 317 815 XLIV.
338 777 518 816 Fremant
536 791 666 816 omnes
684 778 783 826 licet,
804 778 927 817 dicam
946 778 1049 830 quod
1063 777 1205 816 sentio.

108 830 366 879 bibliothecas,
405 832 633 880 mehercule,
680 833 853 869 omnium
897 832 1209 892 philosophorum

111 896 210 921 unus
229 884 324 921 mihi
343 884 490 922 videtur
514 885 615 922 XII.
642 886 860 922 tabularum
885 886 1050 933 libellus,
1078 885 1108 923 si
1127 885 1212 936 quis

109 936 239 988 legum
253 937 373 975 fontes
388 945 425 975 et
439 938 561 988 capita
580 938 726 986 viderit,
747 946 784 976 et
802 939 1030 976 auctoritatis
1048 939 1213 989 pondere

109 997 147 1028 et
171 990 343 1028 utilitatis
366 992 537 1030 ubertate
561 1004 747 1042 superare.
792 992 869 1040 Ac,
897 991 928 1030 si
945 1004 1013 1029 nos
1034 991 1090 1034 (id
1109 991 1211 1043 quod

110 1043 279 1081 maxime
296 1043 423 1091 debet)
442 1052 568 1082 nostra
581 1045 702 1096 patria
716 1045 899 1090 delectat3
921 1046 1028 1094 cujus
1042 1045 1094 1082 rei
1108 1052 1214 1082 tanta

111 1104 167 1134 est
185 1097 254 1145 vis,
275 1109 317 1135 ac
335 1104 441 1135 tanta
458 1105 606 1146 natura,
630 1105 675 1135 ut
699 1098 871 1136 Ithacam
890 1098 1040 1147 illam,'
1031 1111 1070 1135 1n
1089 1111 1215 1159 asper-

111 1149 217 1188 rimis
235 1150 391 1199 saxulis,
411 1158 608 1202 tamquam
622 1151 813 1199 nidulum,
835 1152 1002 1200 affixam,
1019 1151 1214 1202 sapientis-

112 1203 230 1241 simus
245 1204 301 1241 vir
314 1204 589 1242 immortalitati
607 1212 872 1255 anteponeret;
894 1218 970 1256 quo
988 1217 1115 1242 amore
1133 1212 1217 1242 tan-

112 1256 200 1294 dem
224 1256 450 1295 inflammati
470 1270 546 1296 esse
565 1258 780 1295 debemus
769 1271 809 1295 ln
835 1258 1021 1307 ejusmodi
1038 1258 1214 1318 patriam,

114 1323 200 1360 quae
217 1322 295 1348 una
318 1311 358 1348 in
381 1310 557 1349 omnibus
582 1311 687 1349 terris
712 1311 847 1348 domus
874 1319 928 1349 est
953 1311 1114 1359 virtutis,
1142 1311 1217 1348 im-

112 1363 221 1414 perii,
250 1363 471 1414 dignitatis?
501 1364 621 1412 Cujus
648 1365 816 1414 primum
842 1364 950 1402 nobis
974 1377 1094 1410 mens,
1118 1377 1215 1412 11105,

115 1416 325 1476 disciplina,
346 1424 436 1454 nota
453 1429 530 1454 esse
549 1417 684 1462 debet3
713 1418 773 1454 vel
799 1417 888 1468 quia
914 1424 968 1455 est
979 1417 1120 1482 patria,
1150 1430 1219 1468 pa-

113 1481 198 1507 rens
216 1469 388 1507 omnium
407 1473 590 1518 nostrum,
611 1470 670 1507 vel
688 1470 778 1521 quia
792 1471 897 1508 tanta
910 1470 1092 1521 sapientia
1105 1470 1220 1508 fuisse

116 1522 156 1559 in
178 1523 264 1571 jure
289 1522 548 1560 constituendo
573 1524 742 1574 putanda
761 1530 828 1571 est,
850 1524 992 1574 quanta
1010 1523 1112 1560 fuit
1101 1536 1141 1560 1n
1159 1523 1219 1561 his

115 1575 229 1613 tantis
248 1576 382 1626 opibus
400 1576 550 1627 imperii
568 1577 838 1627 comparandis.
870 1576 1087 1627 Percipietis
1106 1577 1219 1614 etiam

117 1628 225 1666 illam
257 1641 304 1666 ex
336 1629 546 1680 cognitione
575 1629 670 1678 juris
701 1630 873 1667 laetitiam
905 1637 941 1668 et
973 1630 1220 1680 voluptatem,

116 1682 234 1733 quod,
255 1689 441 1734 quantum
459 1683 698 1734 praestiterint
711 1683 826 1721 nostri
843 1684 1004 1732 majores
1021 1683 1223 1734 prudentia

119 1735 260 1773 caeteris
289 1735 478 1785 gentibus,
507 1743 592 1773 tum
618 1736 797 1774 facillime
822 1736 1050 1787 intelligetis,
1078 1736 1109 1773 si
1134 1749 1223 1774 cum

119 1788 273 1826 illorum
293 1788 471 1840 Lycurgo
490 1796 527 1826 et
544 1789 719 1827 Dracone
744 1797 780 1827 et
806 1790 942 1828 Solone
961 1797 1103 1827 nostras
1122 1790 1222 1840 leges

120 1841 286 1879 conferre
310 1842 512 1880 volueritis.
553 1843 779 1880 Incredibile
808 1850 862 1881 est
887 1843 1002 1890 enim,
1030 1855 1145 1893 quam
1177 1843 1224 1879 sit

121 1906 235 1932 omne
249 1895 312 1943 jus
327 1895 448 1943 civile,
468 1902 602 1946 praeter
619 1896 690 1934 hoc
706 1904 892 1944 nostrum,
911 1896 1160 1942 inconditum,
1181 1908 1225 1933 ac

121 1960 230 1999 paene
247 1947 474 1986 ridiculumz
504 1948 551 1987 de
569 1962 645 2000 quo
669 1949 792 1987 multa
810 1950 909 1987 soleo
933 1950 972 1986 in
992 1949 1226 1987 sermonibus

123 2000 351 2052 quotidianis
383 2001 518 2051 dicere,
549 2015 637 2040 cum
665 2002 865 2040 hominum
894 2009 1107 2040 nostrorum
1135 2014 1227 2052 pru-

124 2053 293 2092 dentiam
319 2055 459 2093 caeteris
484 2056 675 2104 omnibus,
699 2063 736 2094 et
753 2056 921 2094 maxime
947 2054 1102 2100 Graecis,
1121 2061 1227 2092 ante-

123 2118 237 2158 pono.
284 2107 359 2146 His
383 2120 452 2159 ego
474 2108 521 2147 de
539 2109 658 2148 causis
676 2109 860 2158 dixeram,
881 2108 1060 2157 Scaevola,
1079 2107 1139 2157 iis,
1158 2107 1228 2159 qui

180 2160 375 2208 (Rhetor.)
400 2171 504 2200 vor„
526 2173 555 2201 1.
877 2170 908 2201 Q
