1429 2344
178 67 258 106 316
312 67 391 107 DE
411 67 710 120 ORATORE,
740 69 840 108 Lm.
858 68 941 109 III.
973 69 1078 109 CAP.
1098 70 1164 108 25.

231 174 368 215 XXV.
399 176 571 216 Ornatur
594 177 711 229 igitur
734 178 853 216 oratio
877 190 1013 229 genere
1038 176 1223 228 primum,
1252 181 1291 212 et

179 229 290 280 quasi
307 230 429 268 colore
443 231 611 282 quodam
625 239 662 270 et
676 245 785 270 succo
803 245 896 270 suo:
917 244 1022 279 nam,
1035 238 1080 268 ut
1093 229 1231 281 gravis,
1247 235 1291 266 ut

179 283 318 331 suavis,
338 291 382 321 ut
401 285 548 322 erudita
566 285 627 333 sit,
646 293 691 323 ut
709 286 887 333 liberalis,
906 293 952 324 ut
975 283 1224 331 admirabilis,
1245 287 1290 319 ut

179 336 311 386 polita,
338 344 382 374 ut
407 350 550 385 sensus,
577 346 620 376 ut
639 338 784 377 dolores
807 339 958 387 habeat,
980 346 1169 389 quantum
1194 348 1290 387 opus

179 389 241 437 sit,
258 402 335 427 non
350 397 405 428 est
419 391 656 442 singulorum
676 393 946 431 articulorum:
967 392 1007 429 in
1026 399 1106 430 toto
1121 397 1292 442 spectan-

179 449 243 479 tur
257 443 338 481 haec
357 456 521 495 corpore.
550 445 606 484 Ut
623 459 735 497 porro
754 459 951 497 conspersa
969 445 1016 483 sit
1030 444 1139 496 quasi
1158 445 1291 482 verbo-

179 508 269 533 rum
288 498 634 550 sententiarumque
653 499 832 546 floribus3
854 499 894 536 id
908 511 985 537 non
1003 498 1115 536 debet
1134 510 1211 535 esse
1228 496 1291 533 fu-

181 561 269 587 sum
295 551 529 602 aequabiliter
553 565 620 604 per
645 565 799 591 omnem
829 552 1051 600 orationem,
1082 550 1147 590 sed
1163 551 1218 588 ita
1235 549 1294 586 di-

181 603 378 653 stinctum,
399 612 443 643 ut
462 606 550 654 sint,
571 607 680 658 quasi
697 606 739 644 in
757 613 908 656 ornatu,
921 605 1102 658 disposita
1115 603 1292 656 quaedam

182 656 347 706 insignia
367 665 403 696 et
422 659 582 697 lumina.

235 710 367 749 Genus
385 712 502 763 igitur
521 713 670 752 dicendi
684 721 739 752 est
753 712 984 765 eligendum,
1005 711 1109 764 quod
1122 709 1293 749 maxime

180 770 306 802 teneat
325 778 386 803 eos
404 767 472 817 qui
490 767 661 816 audiant,
689 775 726 805 et
751 768 855 819 quod
879 780 956 805 non
975 767 1100 805 solum
1118 765 1290 812 delectet,

180 817 247 855 sed
266 818 380 856 etiam
394 820 474 858 sine
488 821 657 859 satietate
671 821 851 860 delectet:
874 824 966 865 (non
981 820 1084 858 enim
1098 832 1121 857 a
1133 831 1197 856 me
1210 819 1294 867 jam

182 872 390 922 exspectari
415 881 523 924 puto,
550 882 595 913 ut
620 887 812 923 moneam,
832 881 876 912 ut
895 874 1070 921 caveatis,
1097 885 1146 910 ne
1170 871 1293 919 exilis,

183 936 233 961 ne
247 925 392 963 inculta
410 927 458 964 sit
478 935 598 966 vestra
616 929 748 978 oratio,
768 941 817 967 ne
835 927 1016 979 vulgariS‚
1035 939 1084 965 ne
1101 925 1268 964 obsoleta
1281 938 1293 962 ς

184 977 292 1016 aliud
311 979 495 1030 quiddam
508 983 634 1031 majus
654 990 690 1019 et
703 982 855 1033 ingenia
868 995 931 1020 me
944 982 1144 1019 hortantur
1158 985 1294 1027 vestra,

182 1038 221 1069 et
247 1038 373 1070 aetates
387 1040 417 1081 z)
445 1034 595 1073 difficile
620 1035 722 1073 enim
748 1036 852 1074 dictu
879 1042 948 1083 est,
976 1046 1153 1085 quaenam
1180 1045 1294 1070 causa

181 1084 245 1133 sit,
274 1099 342 1124 cur
367 1099 424 1136 ea,
452 1101 539 1139 quae
564 1088 733 1126 maxime
760 1101 889 1127 sensus
916 1095 1061 1126 nostros
1090 1085 1296 1137 impellunt

181 1139 390 1190 voluptate,
419 1147 456 1178 et
475 1142 595 1192 specie
613 1142 739 1193 prima
757 1142 936 1180 acerrime
960 1146 1214 1187 commovent,
1244 1140 1293 1178 ab

181 1191 228 1230 iis
253 1193 446 1232 celerrime
470 1194 621 1233 fastidio
647 1195 815 1246 quodam
845 1202 882 1233 et
911 1195 1080 1233 satietate
1104 1192 1294 1232 abaliene-

181 1257 284 1283 mur.
313 1246 472 1294 Quanto
491 1249 660 1287 colorum
677 1248 960 1301 pulchritudine
974 1254 1011 1286 et
1028 1246 1207 1286 varietate
1224 1246 1294 1284 flo-

181 1299 322 1337 ridiora
340 1308 430 1339 sunt
447 1301 488 1338 in
505 1302 662 1353 picturis
687 1302 794 1341 novis
820 1302 1016 1354 pleraque,
1035 1312 1154 1352 quam
1171 1299 1213 1337 in
1230 1312 1295 1338 ve-

181 1353 325 1391 teribus
341 1353 351 1392 !
383 1367 471 1406 quae
500 1362 645 1405 tamen,
680 1355 827 1394 etiamsi
857 1355 984 1407 primo
1015 1354 1194 1405 adspectu
1224 1365 1294 1391 nos

181 1414 376 1457 ceperunt,
405 1407 549 1448 diutius
567 1422 645 1447 non
663 1408 876 1456 delectant3
905 1421 995 1447 cum
1013 1407 1129 1445 iidem
1150 1419 1233 1456 nos,
1251 1406 1294 1444 in

182 1460 350 1512 antiquis
376 1462 529 1511 tabulis,
549 1462 616 1501 fflo
633 1463 716 1515 ipso
733 1462 886 1501 horrido
907 1461 1151 1512 obsoletoque
1167 1467 1295 1499 tenea-

182 1525 282 1551 mur.
327 1514 484 1562 Quanto
502 1516 693 1555 molliores
712 1523 802 1554 sunt
819 1523 857 1554 et
874 1515 1104 1554 delicatiores
1121 1515 1162 1552 in
1181 1520 1294 1552 cantu

182 1566 363 1605 flexiones
390 1576 427 1606 et
455 1569 560 1607 falsae
587 1571 745 1619 voculae,
775 1582 894 1621 quam
923 1576 1033 1608 certae
1062 1575 1099 1606 et
1128 1581 1264 1606 severae
1279 1567 1290 1605 !

183 1620 323 1671 quibus
343 1628 470 1659 tamen
489 1635 565 1660 non
579 1623 694 1661 modo
708 1623 860 1671 austeri,
876 1622 954 1672 sed,
975 1623 1006 1660 si
1025 1622 1161 1672 saepius
1179 1621 1292 1669 fiunt,

183 1674 392 1712 multitudo
405 1675 487 1725 ipsa
501 1677 691 1714 reclamat.
722 1677 831 1715 Licet
847 1677 919 1715 hoc
936 1676 1062 1714 videre
1079 1675 1120 1712 in
1138 1674 1294 1726 reliquis

183 1727 379 1773 sensibus3
407 1730 611 1779 unguentis
629 1730 758 1768 minus
777 1730 842 1768 diu
861 1742 929 1768 nos
947 1728 1123 1767 delectari
1140 1728 1294 1766 summa

184 1787 222 1819 et
240 1781 422 1819 acerrima
441 1783 624 1821 suavitate
649 1783 821 1832 conditis,
849 1795 967 1834 quam
985 1782 1045 1820 his
1062 1781 1291 1828 moderatis;

185 1841 223 1872 et
247 1834 370 1885 magis
388 1835 548 1883 laudari,
571 1837 674 1887 quod
699 1850 837 1883 ceram,
864 1848 983 1887 quam
1001 1834 1105 1886 quod
1123 1847 1291 1883 crocum,

183 1888 285 1925 olere
309 1887 504 1934 videatur3
533 1890 574 1926 in
593 1890 675 1941 ipso
694 1897 796 1928 tactu
822 1902 900 1928 esse
925 1889 1085 1927 modum
1111 1895 1148 1926 et
1166 1888 1294 1925 molli-

184 1941 328 1979 tudinis
347 1948 383 1979 et
401 1942 585 1981 laevitatis.
614 1943 838 1991 Quinetiam
852 1950 1038 1994 gustatus,
1059 1941 1127 1992 qui
1141 1949 1196 1979 est
1211 1954 1295 1979 sen-

185 2007 250 2032 sus
275 2008 323 2032 ex
349 1995 525 2034 omnibus
549 1997 719 2035 maxime
743 1996 991 2048 voluptarius,
1011 1996 1154 2047 quique
1172 1995 1294 2032 dulci-

184 2047 319 2085 tudine
336 2056 471 2098 praeter
485 2057 635 2092 caeteros
654 2063 783 2090 sensus
797 2056 1068 2095 commovetur,
1090 2061 1207 2100 quam
1221 2048 1294 2086 cito

186 2100 241 2148 id,
273 2102 376 2152 quod
403 2103 514 2145 valde
541 2103 652 2142 dulce
680 2111 749 2153 est,
779 2103 1026 2155 adspernatur
1055 2115 1099 2140 ac
1123 2101 1291 2153 respuit!

187 2154 287 2203 Quis
305 2155 457 2208 potione
474 2157 532 2197 uti
550 2163 618 2197 aut
638 2157 722 2199 cibo
739 2157 843 2198 dulci
860 2156 1004 2197 diutius
1021 2162 1145 2209 potest
1157 2157 1175 2194 ἓ
1205 2166 1296 2195 cum
