1428 2308
262 57 340 96 DE
370 54 755 105 INVENTIONE‚
791 56 889 95 Lm.
908 58 940 96 I.
972 57 1074 97 CAP.
1096 59 1155 97 19.
1216 61 1263 98 19

157 178 244 204 rum
264 163 376 203 causa
400 163 447 202 de
465 163 626 202 exordiis
645 170 832 214 praecepta
850 164 1073 203 traduntur:
1103 165 1174 203 hoc
1194 173 1261 213 est,

157 218 260 270 quod
279 231 381 265 eum,
412 217 479 268 qui
503 217 622 265 audit,
654 229 775 267 neque
800 219 1039 266 benevolum,
1066 231 1188 269 neque
1207 226 1264 256 at-

157 279 319 318 tentum,
340 283 462 321 neque
480 269 639 307 docilem
658 269 794 315 efficit;
825 278 891 308 aut
910 274 1002 321 (quo
1021 272 1185 322 profecto
1203 272 1262 308 ni·

157 325 213 362 hil
231 325 339 375 pejus
354 330 423 369 est)
443 331 486 360 ut
504 330 632 360 contra
656 323 716 370 sit,
737 322 836 361 facit.
866 324 928 362 Ac
947 325 993 362 de
1011 325 1163 362 exordio
1177 325 1262 376 qui-

157 377 244 415 dem
263 377 351 416 satis
369 376 512 414 dictum
533 383 597 413 est.

209 431 328 468 XIX.
359 429 536 467 Narratio
555 436 609 466 est
624 442 748 466 rerum
768 437 972 480 gestarum,
993 438 1059 468 aut
1077 439 1120 468 ut
1139 438 1259 481 gesta-

156 497 257 530 rum,
273 483 465 534 expositio.
497 483 535 519 N
539 482 767 519 arrationum
781 484 852 521 tria
863 492 949 521 sunt
961 497 1115 534 genera:
1138 497 1260 521 unum

155 549 275 588 genus
295 544 362 584 est,
392 536 432 573 in
452 548 527 586 quo
545 536 626 586 ipsa
650 549 774 583 causa,
806 544 843 574 et
860 537 982 574 omnis
1001 537 1093 574 ratio
1112 544 1258 574 contro-

156 590 286 628 versiae
305 589 538 628 continetur:
569 590 744 637 alterum,
775 590 813 626 in
833 603 909 640 quo
934 590 1111 640 digressio
1130 591 1258 641 aliqua

156 651 262 681 extra
291 655 456 690 causam,
487 649 553 679 aut
581 643 863 690 criminationis,
895 651 961 680 aut
986 643 1255 691 similitudinis,

155 703 222 733 aut
240 695 492 734 delectationis
516 708 589 733 non
610 696 742 733 alienae
767 698 814 733 ab
844 709 887 734 eo
915 697 1078 745 negotio,
1110 709 1186 747 quo
1211 697 1258 734 de

155 749 293 799 agitur,
321 756 386 787 aut
409 749 709 799 amplificationis
728 749 853 795 causa,
873 749 1132 799 interponitur.
1162 749 1258 787 Ter-

156 803 252 840 tium
271 815 390 853 genus
404 809 458 840 est
476 810 663 839 remotum
686 815 708 839 a
726 802 897 839 civilibus
918 802 1051 849 causis,
1072 802 1174 852 quod
1193 802 1257 840 de-

153 856 359 894 lectationis
377 854 503 903 causa,
523 867 598 891 non
623 855 749 892 inutili
763 866 850 892 cum
871 855 1144 902 exercitatione,
1166 855 1257 893 dici-

153 915 215 946 tur
233 917 270 946 et
288 909 471 946 scribitur.
511 908 608 956 Ejus
631 916 755 958 partes
779 915 867 945 sunt
885 908 985 954 duae,
1013 921 1175 958 quarum
1201 909 1256 945 al-

152 969 231 1000 tera
247 962 286 999 in
306 962 477 1011 negotiis,
498 962 614 999 altera
633 962 673 998 in
691 962 870 1012 personis,
891 962 1058 999 maxime
1073 969 1251 999 versatur.

151 1015 225 1062 Ea,
256 1028 343 1066 quae
369 1015 408 1052 in
429 1015 664 1064 negotiorum
683 1015 913 1065 expositione
937 1015 1058 1065 posita
1083 1022 1149 1063 est,
1179 1022 1253 1052 tres

149 1068 263 1106 habet
276 1075 412 1119 partes,
432 1068 617 1115 fabulam,
640 1068 848 1115 historiam,
868 1076 1147 1118 argumentum.
1178 1068 1252 1105 Fa-

148 1124 242 1162 bula
269 1130 336 1171 est,
367 1122 406 1159 in
431 1121 509 1172 qua
531 1133 598 1158 nec
618 1134 714 1159 verae
733 1134 802 1159 nec
820 1121 1036 1159 verisimiles
1055 1134 1111 1159 res
1136 1121 1254 1159 conti-

147 1184 308 1216 nentur:
339 1174 551 1225 cujusmodi
569 1181 646 1212 est:

200 1260 229 1281 “·
247 1258 408 1308 Angues
426 1256 595 1306 ingentes
614 1255 733 1303 alites,
750 1255 873 1304 juncti
888 1254 1024 1305 jugo.''

144 1339 314 1378 Historia
332 1345 387 1376 est
409 1343 513 1388 gesta
531 1349 602 1383 rcS‚
623 1338 670 1374 ab
691 1337 809 1374 aetatis
834 1344 969 1374 nostrae
988 1334 1171 1373 memoria
1190 1349 1246 1373 re-

141 1401 270 1431 mota:
300 1391 402 1442 quod
420 1403 552 1440 genus,
583 1389 737 1440 Appius
762 1389 901 1426 indixit
926 1389 1244 1438 Carthaginiensi-

142 1449 214 1485 bus
232 1445 388 1483 bellum.
424 1443 710 1493 Argumentum
730 1450 784 1480 est
802 1443 888 1480 ficta
906 1456 977 1489 res,
1004 1455 1091 1493 quae
1117 1449 1244 1479 tamen

142 1500 223 1538 fieri
240 1498 374 1550 potuit.
405 1495 640 1545 Hujusmodi
658 1495 760 1546 apud.
781 1495 1029 1533 Terentium:

143 1584 172 1606 ‘⁶
192 1582 312 1629 Nam,
333 1581 364 1618 is
381 1586 583 1630 postquam
602 1578 757 1623 excessit
775 1591 822 1616 ex
842 1578 1009 1630 ephebis,
1030 1578 1176 1616 Sosia”.

139 1677 216 1715 Illa
240 1682 368 1714 autem
385 1672 561 1719 narratio,
589 1685 677 1723 quae
695 1678 862 1709 versatur
886 1671 925 1708 in
944 1671 1124 1722 personis,
1146 1671 1246 1719 ejus*-

138 1730 242 1768 modi
257 1736 325 1777 est,
344 1734 388 1765 ut
405 1727 445 1764 in
457 1726 514 1773 ea,
529 1725 642 1763 simul
657 1737 745 1762 cum
760 1726 871 1762 rebus
885 1725 988 1775 ipsis,
998 1737 1243 1775 personarum

139 1794 328 1822 sermones
346 1789 384 1819 et
399 1779 518 1817 animi
536 1778 695 1830 perspici
708 1778 865 1829 possint,
885 1778 956 1816 hoc
974 1777 1108 1816 modo:

195 1879 222 1899 ‘⁶
238 1875 356 1915 Venit
374 1873 422 1911 ad
440 1886 502 1910 me
520 1885 617 1923 saepe
631 1872 841 1918 clamitans,
862 1869 969 1917 Quid
981 1870 1074 1921 agis,
1093 1869 1212 1907 Micio
1224 1871 1242 1907 ?

195 1930 276 1969 Cur
292 1927 417 1980 perdis
435 1926 706 1963 adolescentem
726 1925 834 1962 nobis
848 1926 865 1961 ?
895 1937 961 1961 cur
979 1931 1082 1960 amat
1097 1925 1113 1961 Ρ

195 1984 275 2022 Cur
286 1982 421 2033 potat?
450 1991 517 2017 cur
535 1986 577 2016 tu
595 1978 654 2015 his
672 1979 783 2015 rebus
802 1985 972 2015 sumtum
987 1976 1155 2026 suggeris
1170 1978 1187 2013 Ρ

193 2035 345 2075 Vaetitu
364 2032 483 2071 nimio
499 2031 697 2081 indulges;
725 2031 888 2068 nimium
907 2030 1058 2080 ineptus
1077 2042 1126 2066 es.

196 2088 373 2129 Nimium
408 2086 488 2136 ipse
516 2085 634 2124 durus
670 2091 739 2135 est,
776 2091 911 2136 praeter
939 2093 1170 2135 aequumque
1202 2087 1239 2118 et

299 2139 485 2179 bonum.'’
