<?xml version="1.0" encoding="UTF-8"?>
<!DOCTYPE html PUBLIC "-//W3C//DTD XHTML 1.0 Transitional//EN"
    "http://www.w3.org/TR/xhtml1/DTD/xhtml1-transitional.dtd">
<html xmlns="http://www.w3.org/1999/xhtml" xml:lang="en" lang="en">
 <head>
  <title>
</title>
<meta http-equiv="Content-Type" content="text/html;charset=utf-8" />
  <meta name='ocr-system' content='tesseract 3.04.00' />
  <meta name='ocr-capabilities' content='ocr_page ocr_carea ocr_par ocr_line ocrx_word'/>
</head>
<body>
  <div class='ocr_page' id='page_1' title='image "./operaern01ciceuoft_0160.png"; bbox 0 0 1429 2344; ppageno 0'>
   <div class='ocr_carea' id='block_1_1' title="bbox 152 76 1098 122">
    <p class='ocr_par' dir='ltr' id='par_1_1' title="bbox 152 76 1098 122">
     <span class='ocr_line' id='line_1_1' title="bbox 152 76 1098 122; baseline 0 -7"><span class='ocrx_word' id='word_1_1' title='bbox 152 78 225 115; x_wconf 75' lang='lat'><strong>142</strong></span> <span class='ocrx_word' id='word_1_2' title='bbox 300 76 376 116; x_wconf 80' lang='lat' dir='ltr'><strong>DE</strong></span> <span class='ocrx_word' id='word_1_3' title='bbox 408 77 703 122; x_wconf 70' lang='lat' dir='ltr'><strong>ORATORE,</strong></span> <span class='ocrx_word' id='word_1_4' title='bbox 735 78 830 116; x_wconf 75' lang='lat' dir='ltr'><strong>Lm.</strong></span> <span class='ocrx_word' id='word_1_5' title='bbox 851 78 882 116; x_wconf 93' lang='lat' dir='ltr'><strong>I.</strong></span> <span class='ocrx_word' id='word_1_6' title='bbox 914 78 1018 117; x_wconf 77' lang='lat' dir='ltr'>CAP.</span> <span class='ocrx_word' id='word_1_7' title='bbox 1039 79 1098 117; x_wconf 87' lang='grc'><strong>19.</strong></span> 
     </span>
    </p>
   </div>
   <div class='ocr_carea' id='block_1_2' title="bbox 144 181 1429 2231">
    <p class='ocr_par' dir='ltr' id='par_1_2' title="bbox 144 181 1429 1855">
     <span class='ocr_line' id='line_1_2' title="bbox 144 181 1422 237; baseline 0.001 -14"><span class='ocrx_word' id='word_1_8' title='bbox 144 185 318 237; x_wconf 83' lang='lat' dir='ltr'><strong>quamvis</strong></span> <span class='ocrx_word' id='word_1_9' title='bbox 336 186 393 223; x_wconf 87' lang='lat' dir='ltr'><strong>illi</strong></span> <span class='ocrx_word' id='word_1_10' title='bbox 412 192 540 223; x_wconf 87' lang='lat' dir='ltr'><strong>ornate</strong></span> <span class='ocrx_word' id='word_1_11' title='bbox 559 191 596 223; x_wconf 84' lang='lat' dir='ltr'><strong>et</strong></span> <span class='ocrx_word' id='word_1_12' title='bbox 613 185 789 235; x_wconf 84' lang='lat' dir='ltr'><strong>graviter,</strong></span> <span class='ocrx_word' id='word_1_13' title='bbox 806 194 872 224; x_wconf 87' lang='lat' dir='ltr'><strong>aut</strong></span> <span class='ocrx_word' id='word_1_14' title='bbox 891 186 938 224; x_wconf 88' lang='lat' dir='ltr'><strong>de</strong></span> <span class='ocrx_word' id='word_1_15' title='bbox 956 185 1092 224; x_wconf 68' lang='lat' dir='ltr'><strong>natura</strong></span> <span class='ocrx_word' id='word_1_16' title='bbox 1111 197 1275 235; x_wconf 52' lang='lat' dir='ltr'><strong>rerum„</strong></span> <span class='ocrx_word' id='word_1_17' title='bbox 1313 193 1332 205; x_wconf 60' lang='lat'><strong>¹*</strong></span> <span class='ocrx_word' id='word_1_18' title='bbox 1346 181 1349 185; x_wconf 36' lang='lat'>¹</span> <span class='ocrx_word' id='word_1_19' title='bbox 1365 198 1370 201; x_wconf 83' lang='grc'><strong>’</strong></span> <span class='ocrx_word' id='word_1_20' title='bbox 1420 195 1422 197; x_wconf 77' lang='grc'>’</span> 
     </span>
     <span class='ocr_line' id='line_1_3' title="bbox 145 238 1396 292; baseline -0.002 -15"><span class='ocrx_word' id='word_1_21' title='bbox 145 246 212 277; x_wconf 87' lang='lat' dir='ltr'><strong>aut</strong></span> <span class='ocrx_word' id='word_1_22' title='bbox 222 238 269 277; x_wconf 91' lang='lat' dir='ltr'><strong>de</strong></span> <span class='ocrx_word' id='word_1_23' title='bbox 280 239 459 277; x_wconf 87' lang='lat' dir='ltr'><strong>humanis</strong></span> <span class='ocrx_word' id='word_1_24' title='bbox 471 241 597 287; x_wconf 83' lang='lat' dir='ltr'><strong>rebus,</strong></span> <span class='ocrx_word' id='word_1_25' title='bbox 612 239 830 290; x_wconf 87' lang='lat' dir='ltr'><strong>loquantur.</strong></span> <span class='ocrx_word' id='word_1_26' title='bbox 861 239 1042 278; x_wconf 83' lang='lat' dir='ltr'><strong>Nitidum</strong></span> <span class='ocrx_word' id='word_1_27' title='bbox 1062 238 1256 292; x_wconf 83' lang='lat' dir='ltr'>quoddam</span> <span class='ocrx_word' id='word_1_28' title='bbox 1320 288 1321 291; x_wconf 11' lang='grc' dir='ltr'><strong>Ἰ</strong></span> <span class='ocrx_word' id='word_1_29' title='bbox 1354 245 1396 289; x_wconf 57' lang='lat'><strong>:5⁶⁸</strong></span> 
     </span>
     <span class='ocr_line' id='line_1_4' title="bbox 144 292 1429 345; baseline -0.002 -14"><span class='ocrx_word' id='word_1_30' title='bbox 144 305 264 344; x_wconf 89' lang='lat' dir='ltr'><strong>genus</strong></span> <span class='ocrx_word' id='word_1_31' title='bbox 283 301 338 331; x_wconf 88' lang='lat' dir='ltr'><strong>est</strong></span> <span class='ocrx_word' id='word_1_32' title='bbox 356 294 557 331; x_wconf 87' lang='lat' dir='ltr'><strong>verborum</strong></span> <span class='ocrx_word' id='word_1_33' title='bbox 577 300 615 330; x_wconf 88' lang='lat' dir='ltr'><strong>et</strong></span> <span class='ocrx_word' id='word_1_34' title='bbox 632 292 780 341; x_wconf 86' lang='lat' dir='ltr'><strong>laetum,</strong></span> <span class='ocrx_word' id='word_1_35' title='bbox 797 293 861 332; x_wconf 90' lang='lat' dir='ltr'><strong>sed</strong></span> <span class='ocrx_word' id='word_1_36' title='bbox 879 294 1063 345; x_wconf 85' lang='lat' dir='ltr'><strong>palaestrae</strong></span> <span class='ocrx_word' id='word_1_37' title='bbox 1080 292 1203 344; x_wconf 85' lang='lat' dir='ltr'><strong>magis</strong></span> <span class='ocrx_word' id='word_1_38' title='bbox 1222 298 1260 329; x_wconf 86' lang='lat' dir='ltr'><strong>et</strong></span> <span class='ocrx_word' id='word_1_39' title='bbox 1292 292 1295 296; x_wconf 87' lang='grc'><strong>’</strong></span> <span class='ocrx_word' id='word_1_40' title='bbox 1375 326 1378 328; x_wconf 77' lang='grc'>,</span> <span class='ocrx_word' id='word_1_41' title='bbox 1424 321 1429 324; x_wconf 88' lang='grc'><strong>.</strong></span> 
     </span>
     <span class='ocr_line' id='line_1_5' title="bbox 144 346 1370 398; baseline -0.013 -13"><span class='ocrx_word' id='word_1_42' title='bbox 144 347 232 394; x_wconf 88' lang='lat' dir='ltr'><strong>olei,</strong></span> <span class='ocrx_word' id='word_1_43' title='bbox 253 359 371 398; x_wconf 88' lang='lat' dir='ltr'><strong>quam</strong></span> <span class='ocrx_word' id='word_1_44' title='bbox 385 347 501 396; x_wconf 86' lang='lat' dir='ltr'><strong>hujus</strong></span> <span class='ocrx_word' id='word_1_45' title='bbox 520 346 639 384; x_wconf 88' lang='lat' dir='ltr'><strong>civilis</strong></span> <span class='ocrx_word' id='word_1_46' title='bbox 658 348 780 385; x_wconf 85' lang='lat' dir='ltr'><strong>turbae</strong></span> <span class='ocrx_word' id='word_1_47' title='bbox 799 360 842 385; x_wconf 87' lang='lat' dir='ltr'><strong>ac</strong></span> <span class='ocrx_word' id='word_1_48' title='bbox 860 347 943 386; x_wconf 87' lang='lat' dir='ltr'><strong>fori.</strong></span> <span class='ocrx_word' id='word_1_49' title='bbox 974 348 1157 398; x_wconf 86' lang='lat' dir='ltr'><strong>Namque</strong></span> <span class='ocrx_word' id='word_1_50' title='bbox 1171 358 1259 398; x_wconf 85' lang='lat' dir='ltr'><strong>ego.</strong></span> <span class='ocrx_word' id='word_1_51' title='bbox 1289 382 1294 385; x_wconf 14' lang='grc' dir='ltr'>μ</span> <span class='ocrx_word' id='word_1_52' title='bbox 1326 351 1370 392; x_wconf 38' lang='lat' dir='ltr'><strong>¹³⁴r</strong></span> 
     </span>
     <span class='ocr_line' id='line_1_6' title="bbox 146 398 1355 452; baseline 0.001 -15"><span class='ocrx_word' id='word_1_53' title='bbox 146 408 239 448; x_wconf 87' lang='lat' dir='ltr'><strong>met,</strong></span> <span class='ocrx_word' id='word_1_54' title='bbox 270 400 338 451; x_wconf 88' lang='lat' dir='ltr'><strong>qui</strong></span> <span class='ocrx_word' id='word_1_55' title='bbox 365 413 446 438; x_wconf 87' lang='lat' dir='ltr'><strong>sero</strong></span> <span class='ocrx_word' id='word_1_56' title='bbox 473 413 517 438; x_wconf 87' lang='lat' dir='ltr'><strong>ac</strong></span> <span class='ocrx_word' id='word_1_57' title='bbox 543 400 673 438; x_wconf 85' lang='lat' dir='ltr'><strong>leviter</strong></span> <span class='ocrx_word' id='word_1_58' title='bbox 702 400 854 439; x_wconf 72' lang='lat' dir='ltr'><strong>Graecas</strong></span> <span class='ocrx_word' id='word_1_59' title='bbox 880 401 1007 439; x_wconf 86' lang='lat' dir='ltr'><strong>literas</strong></span> <span class='ocrx_word' id='word_1_60' title='bbox 1035 398 1262 452; x_wconf 61' lang='lat' dir='ltr'><strong>attigissem}</strong></span> <span class='ocrx_word' id='word_1_61' title='bbox 1309 430 1312 434; x_wconf 87' lang='lat'>.</span> <span class='ocrx_word' id='word_1_62' title='bbox 1352 430 1355 433; x_wconf 87' lang='lat'>.</span> 
     </span>
     <span class='ocr_line' id='line_1_7' title="bbox 146 453 1260 506; baseline 0 -15"><span class='ocrx_word' id='word_1_63' title='bbox 146 462 274 492; x_wconf 85' lang='lat' dir='ltr'><strong>tamen</strong></span> <span class='ocrx_word' id='word_1_64' title='bbox 294 467 383 491; x_wconf 87' lang='lat' dir='ltr'><strong>cum</strong></span> <span class='ocrx_word' id='word_1_65' title='bbox 397 467 466 505; x_wconf 92' lang='lat' dir='ltr'><strong>pro</strong></span> <span class='ocrx_word' id='word_1_66' title='bbox 479 454 631 492; x_wconf 90' lang='lat' dir='ltr'><strong>consule</strong></span> <span class='ocrx_word' id='word_1_67' title='bbox 646 454 685 492; x_wconf 86' lang='lat' dir='ltr'><strong>in</strong></span> <span class='ocrx_word' id='word_1_68' title='bbox 701 454 876 493; x_wconf 86' lang='lat' dir='ltr'>Ciliciam</span> <span class='ocrx_word' id='word_1_69' title='bbox 888 454 1123 506; x_wconf 88' lang='lat' dir='ltr'><strong>proficiscens</strong></span> <span class='ocrx_word' id='word_1_70' title='bbox 1134 453 1260 492; x_wconf 88' lang='lat' dir='ltr'><strong>Athe-</strong></span> 
     </span>
     <span class='ocr_line' id='line_1_8' title="bbox 144 508 1263 560; baseline -0.001 -14"><span class='ocrx_word' id='word_1_71' title='bbox 144 521 213 546; x_wconf 85' lang='lat' dir='ltr'><strong>nas</strong></span> <span class='ocrx_word' id='word_1_72' title='bbox 237 508 435 555; x_wconf 75' lang='lat' dir='ltr'><strong>venissem,</strong></span> <span class='ocrx_word' id='word_1_73' title='bbox 463 509 675 559; x_wconf 83' lang='lat' dir='ltr'>complures</span> <span class='ocrx_word' id='word_1_74' title='bbox 704 515 787 546; x_wconf 82' lang='lat' dir='ltr'><strong>tum</strong></span> <span class='ocrx_word' id='word_1_75' title='bbox 814 508 869 547; x_wconf 90' lang='lat' dir='ltr'><strong>ibi</strong></span> <span class='ocrx_word' id='word_1_76' title='bbox 893 508 972 547; x_wconf 90' lang='lat' dir='ltr'><strong>dies</strong></span> <span class='ocrx_word' id='word_1_77' title='bbox 997 521 1084 546; x_wconf 88' lang='lat' dir='ltr'><strong>sum</strong></span> <span class='ocrx_word' id='word_1_78' title='bbox 1109 514 1263 560; x_wconf 86' lang='lat' dir='ltr'><strong>propter</strong></span> 
     </span>
     <span class='ocr_line' id='line_1_9' title="bbox 147 560 1261 614; baseline -0.002 -14"><span class='ocrx_word' id='word_1_79' title='bbox 147 562 353 612; x_wconf 84' lang='lat' dir='ltr'><strong>navigandi</strong></span> <span class='ocrx_word' id='word_1_80' title='bbox 364 562 626 600; x_wconf 83' lang='lat' dir='ltr'><strong>difficultatem</strong></span> <span class='ocrx_word' id='word_1_81' title='bbox 639 569 892 600; x_wconf 83' lang='lat' dir='ltr'>commoratus</span> <span class='ocrx_word' id='word_1_82' title='bbox 908 577 918 600; x_wconf 73' lang='grc' dir='ltr'><strong><em>ε</em></strong></span> <span class='ocrx_word' id='word_1_83' title='bbox 941 562 1019 611; x_wconf 83' lang='lat' dir='ltr'><strong>sed,</strong></span> <span class='ocrx_word' id='word_1_84' title='bbox 1034 575 1121 601; x_wconf 90' lang='lat' dir='ltr'><strong>cum</strong></span> <span class='ocrx_word' id='word_1_85' title='bbox 1135 560 1261 614; x_wconf 89' lang='lat' dir='ltr'><strong>quoti-</strong></span> 
     </span>
     <span class='ocr_line' id='line_1_10' title="bbox 148 614 1264 665; baseline 0 -12"><span class='ocrx_word' id='word_1_86' title='bbox 148 616 210 654; x_wconf 87' lang='lat' dir='ltr'><strong>die</strong></span> <span class='ocrx_word' id='word_1_87' title='bbox 234 628 387 654; x_wconf 85' lang='lat' dir='ltr'><strong>mecum</strong></span> <span class='ocrx_word' id='word_1_88' title='bbox 417 616 597 654; x_wconf 88' lang='lat' dir='ltr'><strong>haberem</strong></span> <span class='ocrx_word' id='word_1_89' title='bbox 623 616 796 654; x_wconf 89' lang='lat' dir='ltr'><strong>homines</strong></span> <span class='ocrx_word' id='word_1_90' title='bbox 822 615 1070 665; x_wconf 85' lang='lat' dir='ltr'><strong>doctissimos,</strong></span> <span class='ocrx_word' id='word_1_91' title='bbox 1095 629 1157 654; x_wconf 88' lang='lat' dir='ltr'><strong>eos</strong></span> <span class='ocrx_word' id='word_1_92' title='bbox 1185 614 1264 653; x_wconf 88' lang='lat' dir='ltr'><strong>fere</strong></span> 
     </span>
     <span class='ocr_line' id='line_1_11' title="bbox 149 669 1262 722; baseline -0.001 -14"><span class='ocrx_word' id='word_1_93' title='bbox 149 669 250 721; x_wconf 87' lang='lat' dir='ltr'><strong>ipsos</strong></span> <span class='ocrx_word' id='word_1_94' title='bbox 269 670 338 722; x_wconf 90' lang='lat' dir='ltr'><strong>qui</strong></span> <span class='ocrx_word' id='word_1_95' title='bbox 356 672 423 709; x_wconf 89' lang='lat' dir='ltr'><strong>abs</strong></span> <span class='ocrx_word' id='word_1_96' title='bbox 449 677 486 708; x_wconf 89' lang='lat' dir='ltr'><strong>te</strong></span> <span class='ocrx_word' id='word_1_97' title='bbox 511 670 625 708; x_wconf 91' lang='lat' dir='ltr'><strong>modo</strong></span> <span class='ocrx_word' id='word_1_98' title='bbox 652 677 741 708; x_wconf 84' lang='lat' dir='ltr'><strong>sunt</strong></span> <span class='ocrx_word' id='word_1_99' title='bbox 766 670 966 719; x_wconf 86' lang='lat' dir='ltr'><strong>nominati,</strong></span> <span class='ocrx_word' id='word_1_100' title='bbox 993 682 1158 721; x_wconf 89' lang='lat' dir='ltr'><strong>cumque</strong></span> <span class='ocrx_word' id='word_1_101' title='bbox 1176 669 1262 714; x_wconf 90' lang='lat' dir='ltr'><strong>hoc,</strong></span> 
     </span>
     <span class='ocr_line' id='line_1_12' title="bbox 149 722 1266 775; baseline -0.003 -13"><span class='ocrx_word' id='word_1_102' title='bbox 149 724 272 762; x_wconf 85' lang='lat' dir='ltr'><strong>nescio</strong></span> <span class='ocrx_word' id='word_1_103' title='bbox 291 724 497 775; x_wconf 82' lang='lat' dir='ltr'><strong>quomodo,</strong></span> <span class='ocrx_word' id='word_1_104' title='bbox 518 724 621 775; x_wconf 85' lang='lat' dir='ltr'><strong>apud</strong></span> <span class='ocrx_word' id='word_1_105' title='bbox 640 737 702 762; x_wconf 90' lang='lat' dir='ltr'><strong>eos</strong></span> <span class='ocrx_word' id='word_1_106' title='bbox 727 723 984 772; x_wconf 73' lang='lat' dir='ltr'><strong>increbuisset,</strong></span> <span class='ocrx_word' id='word_1_107' title='bbox 1003 737 1067 762; x_wconf 88' lang='lat' dir='ltr'><strong>me</strong></span> <span class='ocrx_word' id='word_1_108' title='bbox 1085 724 1125 761; x_wconf 89' lang='lat' dir='ltr'><strong>in</strong></span> <span class='ocrx_word' id='word_1_109' title='bbox 1144 722 1266 761; x_wconf 85' lang='lat' dir='ltr'><strong>causis</strong></span> 
     </span>
     <span class='ocr_line' id='line_1_13' title="bbox 149 778 1266 829; baseline -0.001 -14"><span class='ocrx_word' id='word_1_110' title='bbox 149 778 373 827; x_wconf 83' lang='lat' dir='ltr'><strong>majoribus,</strong></span> <span class='ocrx_word' id='word_1_111' title='bbox 390 778 500 816; x_wconf 89' lang='lat' dir='ltr'><strong>sicuti</strong></span> <span class='ocrx_word' id='word_1_112' title='bbox 519 785 569 825; x_wconf 89' lang='lat' dir='ltr'><strong>te,</strong></span> <span class='ocrx_word' id='word_1_113' title='bbox 591 778 709 816; x_wconf 87' lang='lat' dir='ltr'><strong>solere</strong></span> <span class='ocrx_word' id='word_1_114' title='bbox 727 778 879 825; x_wconf 85' lang='lat' dir='ltr'><strong>versari,</strong></span> <span class='ocrx_word' id='word_1_115' title='bbox 895 791 964 829; x_wconf 88' lang='lat' dir='ltr'><strong>pro</strong></span> <span class='ocrx_word' id='word_1_116' title='bbox 977 791 1015 816; x_wconf 90' lang='lat' dir='ltr'><strong>se</strong></span> <span class='ocrx_word' id='word_1_117' title='bbox 1034 778 1209 829; x_wconf 84' lang='lat' dir='ltr'><strong>quisque,</strong></span> <span class='ocrx_word' id='word_1_118' title='bbox 1222 783 1266 814; x_wconf 91' lang='lat' dir='ltr'><strong>ut</strong></span> 
     </span>
     <span class='ocr_line' id='line_1_14' title="bbox 151 831 1265 883; baseline -0.002 -13"><span class='ocrx_word' id='word_1_119' title='bbox 151 839 311 883; x_wconf 85' lang='lat' dir='ltr'><strong>poterat,</strong></span> <span class='ocrx_word' id='word_1_120' title='bbox 332 832 379 869; x_wconf 92' lang='lat' dir='ltr'><strong>de</strong></span> <span class='ocrx_word' id='word_1_121' title='bbox 397 832 518 870; x_wconf 86' lang='lat' dir='ltr'><strong>officio</strong></span> <span class='ocrx_word' id='word_1_122' title='bbox 538 840 574 870; x_wconf 83' lang='lat' dir='ltr'><strong>et</strong></span> <span class='ocrx_word' id='word_1_123' title='bbox 593 831 736 870; x_wconf 86' lang='lat' dir='ltr'><strong>ratione</strong></span> <span class='ocrx_word' id='word_1_124' title='bbox 751 832 906 870; x_wconf 77' lang='lat' dir='ltr'><strong>oratoris</strong></span> <span class='ocrx_word' id='word_1_125' title='bbox 920 832 1150 883; x_wconf 86' lang='lat' dir='ltr'><strong>disputabat.</strong></span> <span class='ocrx_word' id='word_1_126' title='bbox 1181 831 1265 868; x_wconf 88' lang='lat' dir='ltr'><strong>Ho-</strong></span> 
     </span>
     <span class='ocr_line' id='line_1_15' title="bbox 150 885 1268 937; baseline -0.002 -14"><span class='ocrx_word' id='word_1_127' title='bbox 150 899 238 924; x_wconf 87' lang='lat' dir='ltr'><strong>rum</strong></span> <span class='ocrx_word' id='word_1_128' title='bbox 265 886 343 934; x_wconf 88' lang='lat' dir='ltr'><strong>alii,</strong></span> <span class='ocrx_word' id='word_1_129' title='bbox 367 886 463 924; x_wconf 88' lang='lat' dir='ltr'><strong>sicut</strong></span> <span class='ocrx_word' id='word_1_130' title='bbox 487 886 557 924; x_wconf 87' lang='lat' dir='ltr'><strong>iste</strong></span> <span class='ocrx_word' id='word_1_131' title='bbox 582 886 661 937; x_wconf 88' lang='lat' dir='ltr'><strong>ipse</strong></span> <span class='ocrx_word' id='word_1_132' title='bbox 682 885 948 934; x_wconf 78' lang='lat' dir='ltr'>Mnesarchus,</span> <span class='ocrx_word' id='word_1_133' title='bbox 967 886 1051 933; x_wconf 86' lang='lat' dir='ltr'><strong>hos,</strong></span> <span class='ocrx_word' id='word_1_134' title='bbox 1079 898 1174 937; x_wconf 89' lang='lat' dir='ltr'><strong>quos</strong></span> <span class='ocrx_word' id='word_1_135' title='bbox 1198 897 1268 922; x_wconf 85' lang='lat' dir='ltr'><strong>nos</strong></span> 
     </span>
     <span class='ocr_line' id='line_1_16' title="bbox 153 938 1266 991; baseline -0.002 -14"><span class='ocrx_word' id='word_1_136' title='bbox 153 947 317 978; x_wconf 86' lang='lat' dir='ltr'><strong>oratores</strong></span> <span class='ocrx_word' id='word_1_137' title='bbox 336 953 570 988; x_wconf 84' lang='lat' dir='ltr'><strong>vocaremus,</strong></span> <span class='ocrx_word' id='word_1_138' title='bbox 589 940 687 976; x_wconf 81' lang='lat' dir='ltr'><strong>nihil</strong></span> <span class='ocrx_word' id='word_1_139' title='bbox 706 952 783 978; x_wconf 85' lang='lat' dir='ltr'><strong>esse</strong></span> <span class='ocrx_word' id='word_1_140' title='bbox 802 939 963 987; x_wconf 85' lang='lat' dir='ltr'><strong>dicebat,</strong></span> <span class='ocrx_word' id='word_1_141' title='bbox 984 939 1057 978; x_wconf 87' lang='lat' dir='ltr'><strong>nisi</strong></span> <span class='ocrx_word' id='word_1_142' title='bbox 1080 938 1266 991; x_wconf 79' lang='lat' dir='ltr'><strong>quosdam</strong></span> 
     </span>
     <span class='ocr_line' id='line_1_17' title="bbox 152 993 1266 1045; baseline -0.003 -13"><span class='ocrx_word' id='word_1_143' title='bbox 152 995 355 1045; x_wconf 88' lang='lat' dir='ltr'><strong>operarios,</strong></span> <span class='ocrx_word' id='word_1_144' title='bbox 367 994 501 1044; x_wconf 67' lang='lat' dir='ltr'><strong>lingua</strong></span> <span class='ocrx_word' id='word_1_145' title='bbox 513 993 623 1032; x_wconf 73' lang='lat' dir='ltr'><strong>celeri</strong></span> <span class='ocrx_word' id='word_1_146' title='bbox 639 1001 675 1031; x_wconf 90' lang='lat' dir='ltr'><strong>et</strong></span> <span class='ocrx_word' id='word_1_147' title='bbox 687 993 910 1039; x_wconf 47' lang='lat' dir='ltr'><strong>exercitatem</strong></span> <span class='ocrx_word' id='word_1_148' title='bbox 923 1000 1109 1032; x_wconf 81' lang='lat' dir='ltr'><strong>oratorem</strong></span> <span class='ocrx_word' id='word_1_149' title='bbox 1121 998 1266 1039; x_wconf 84' lang='lat' dir='ltr'><strong>autem,</strong></span> 
     </span>
     <span class='ocr_line' id='line_1_18' title="bbox 152 1046 1267 1100; baseline -0.004 -13"><span class='ocrx_word' id='word_1_150' title='bbox 152 1048 225 1087; x_wconf 90' lang='lat' dir='ltr'><strong>nisi</strong></span> <span class='ocrx_word' id='word_1_151' title='bbox 251 1048 319 1100; x_wconf 86' lang='lat' dir='ltr'><strong>qui</strong></span> <span class='ocrx_word' id='word_1_152' title='bbox 345 1048 492 1099; x_wconf 88' lang='lat' dir='ltr'><strong>sapiens</strong></span> <span class='ocrx_word' id='word_1_153' title='bbox 519 1054 626 1096; x_wconf 87' lang='lat' dir='ltr'><strong>esset,</strong></span> <span class='ocrx_word' id='word_1_154' title='bbox 654 1060 732 1085; x_wconf 86' lang='lat' dir='ltr'><strong>esse</strong></span> <span class='ocrx_word' id='word_1_155' title='bbox 757 1047 974 1085; x_wconf 85' lang='lat' dir='ltr'><strong>neminem:</strong></span> <span class='ocrx_word' id='word_1_156' title='bbox 1005 1054 1120 1098; x_wconf 87' lang='lat' dir='ltr'><strong>atque</strong></span> <span class='ocrx_word' id='word_1_157' title='bbox 1144 1046 1267 1097; x_wconf 84' lang='lat' dir='ltr'>ipsam</span> 
     </span>
     <span class='ocr_line' id='line_1_19' title="bbox 152 1101 1268 1155; baseline -0.004 -13"><span class='ocrx_word' id='word_1_158' title='bbox 152 1102 423 1155; x_wconf 78' lang='lat' dir='ltr'><strong>eloquentiam,</strong></span> <span class='ocrx_word' id='word_1_159' title='bbox 441 1101 544 1153; x_wconf 89' lang='lat' dir='ltr'><strong>quod</strong></span> <span class='ocrx_word' id='word_1_160' title='bbox 559 1115 605 1139; x_wconf 87' lang='lat' dir='ltr'><strong>ex</strong></span> <span class='ocrx_word' id='word_1_161' title='bbox 624 1103 720 1139; x_wconf 89' lang='lat' dir='ltr'><strong>bene</strong></span> <span class='ocrx_word' id='word_1_162' title='bbox 739 1101 887 1139; x_wconf 87' lang='lat' dir='ltr'><strong>dicendi</strong></span> <span class='ocrx_word' id='word_1_163' title='bbox 902 1101 1058 1140; x_wconf 67' lang='lat' dir='ltr'><strong>scientia</strong></span> <span class='ocrx_word' id='word_1_164' title='bbox 1069 1106 1268 1147; x_wconf 84' lang='lat' dir='ltr'><strong>constaret,</strong></span> 
     </span>
     <span class='ocr_line' id='line_1_20' title="bbox 153 1153 1270 1208; baseline -0.004 -12"><span class='ocrx_word' id='word_1_165' title='bbox 153 1170 273 1197; x_wconf 89' lang='lat' dir='ltr'><strong>unam</strong></span> <span class='ocrx_word' id='word_1_166' title='bbox 288 1156 496 1208; x_wconf 82' lang='lat' dir='ltr'><strong>quamdam</strong></span> <span class='ocrx_word' id='word_1_167' title='bbox 509 1168 587 1194; x_wconf 83' lang='lat' dir='ltr'><strong>esse</strong></span> <span class='ocrx_word' id='word_1_168' title='bbox 601 1155 796 1203; x_wconf 84' lang='lat' dir='ltr'><strong>virtutem,</strong></span> <span class='ocrx_word' id='word_1_169' title='bbox 813 1161 862 1203; x_wconf 88' lang='lat' dir='ltr'><strong>et,</strong></span> <span class='ocrx_word' id='word_1_170' title='bbox 877 1155 944 1206; x_wconf 88' lang='lat' dir='ltr'><strong>qui</strong></span> <span class='ocrx_word' id='word_1_171' title='bbox 956 1168 1074 1193; x_wconf 88' lang='lat' dir='ltr'><strong>unam</strong></span> <span class='ocrx_word' id='word_1_172' title='bbox 1090 1153 1270 1192; x_wconf 85' lang='lat' dir='ltr'><strong>virtutem</strong></span> 
     </span>
     <span class='ocr_line' id='line_1_21' title="bbox 155 1208 1272 1261; baseline -0.005 -10"><span class='ocrx_word' id='word_1_173' title='bbox 155 1213 325 1259; x_wconf 85' lang='lat' dir='ltr'><strong>haberet,</strong></span> <span class='ocrx_word' id='word_1_174' title='bbox 346 1223 477 1249; x_wconf 89' lang='lat' dir='ltr'><strong>omnes</strong></span> <span class='ocrx_word' id='word_1_175' title='bbox 494 1209 647 1258; x_wconf 86' lang='lat' dir='ltr'><strong>habere,</strong></span> <span class='ocrx_word' id='word_1_176' title='bbox 673 1222 810 1261; x_wconf 89' lang='lat' dir='ltr'><strong>easque</strong></span> <span class='ocrx_word' id='word_1_177' title='bbox 831 1222 908 1247; x_wconf 85' lang='lat' dir='ltr'><strong>esse</strong></span> <span class='ocrx_word' id='word_1_178' title='bbox 933 1209 1031 1246; x_wconf 88' lang='lat' dir='ltr'><strong>inter</strong></span> <span class='ocrx_word' id='word_1_179' title='bbox 1049 1221 1088 1247; x_wconf 86' lang='lat' dir='ltr'><strong>se</strong></span> <span class='ocrx_word' id='word_1_180' title='bbox 1107 1208 1272 1259; x_wconf 76' lang='lat' dir='ltr'><strong>aequales</strong></span> 
     </span>
     <span class='ocr_line' id='line_1_22' title="bbox 156 1263 1271 1317; baseline -0.005 -12"><span class='ocrx_word' id='word_1_181' title='bbox 156 1273 194 1306; x_wconf 91' lang='lat' dir='ltr'><strong>et</strong></span> <span class='ocrx_word' id='word_1_182' title='bbox 212 1279 345 1317; x_wconf 87' lang='lat' dir='ltr'><strong>pares:</strong></span> <span class='ocrx_word' id='word_1_183' title='bbox 375 1264 442 1314; x_wconf 83' lang='lat' dir='ltr'><strong>ita,</strong></span> <span class='ocrx_word' id='word_1_184' title='bbox 459 1264 526 1315; x_wconf 89' lang='lat' dir='ltr'><strong>qui</strong></span> <span class='ocrx_word' id='word_1_185' title='bbox 541 1270 635 1302; x_wconf 90' lang='lat' dir='ltr'><strong>esset</strong></span> <span class='ocrx_word' id='word_1_186' title='bbox 649 1263 843 1314; x_wconf 89' lang='lat' dir='ltr'><strong>eloquens,</strong></span> <span class='ocrx_word' id='word_1_187' title='bbox 860 1276 949 1301; x_wconf 89' lang='lat' dir='ltr'><strong>eum</strong></span> <span class='ocrx_word' id='word_1_188' title='bbox 963 1263 1121 1301; x_wconf 83' lang='lat' dir='ltr'><strong>virtutes</strong></span> <span class='ocrx_word' id='word_1_189' title='bbox 1139 1273 1271 1300; x_wconf 87' lang='lat' dir='ltr'><strong>omnes</strong></span> 
     </span>
     <span class='ocr_line' id='line_1_23' title="bbox 157 1315 1274 1370; baseline -0.006 -11"><span class='ocrx_word' id='word_1_190' title='bbox 157 1322 310 1368; x_wconf 87' lang='lat' dir='ltr'><strong>habere,</strong></span> <span class='ocrx_word' id='word_1_191' title='bbox 331 1325 446 1370; x_wconf 86' lang='lat' dir='ltr'><strong>atque</strong></span> <span class='ocrx_word' id='word_1_192' title='bbox 465 1330 543 1356; x_wconf 86' lang='lat' dir='ltr'><strong>esse</strong></span> <span class='ocrx_word' id='word_1_193' title='bbox 562 1317 782 1368; x_wconf 79' lang='lat' dir='ltr'><strong>sapientem.</strong></span> <span class='ocrx_word' id='word_1_194' title='bbox 813 1316 888 1355; x_wconf 89' lang='lat' dir='ltr'><strong>Sed</strong></span> <span class='ocrx_word' id='word_1_195' title='bbox 911 1317 994 1355; x_wconf 87' lang='lat' dir='ltr'><strong>haec</strong></span> <span class='ocrx_word' id='word_1_196' title='bbox 1019 1323 1099 1355; x_wconf 87' lang='lat' dir='ltr'><strong>erat</strong></span> <span class='ocrx_word' id='word_1_197' title='bbox 1123 1315 1274 1366; x_wconf 86' lang='lat' dir='ltr'><strong>spinosa</strong></span> 
     </span>
     <span class='ocr_line' id='line_1_24' title="bbox 158 1369 1275 1428; baseline -0.005 -15"><span class='ocrx_word' id='word_1_198' title='bbox 158 1374 336 1428; x_wconf 86' lang='lat' dir='ltr'><strong>quaedam</strong></span> <span class='ocrx_word' id='word_1_199' title='bbox 355 1380 393 1411; x_wconf 82' lang='lat' dir='ltr'><strong>et</strong></span> <span class='ocrx_word' id='word_1_200' title='bbox 411 1372 520 1411; x_wconf 86' lang='lat' dir='ltr'><strong>exilis</strong></span> <span class='ocrx_word' id='word_1_201' title='bbox 538 1371 670 1420; x_wconf 86' lang='lat' dir='ltr'><strong>oratio,</strong></span> <span class='ocrx_word' id='word_1_202' title='bbox 690 1372 879 1422; x_wconf 87' lang='lat' dir='ltr'><strong>longeque</strong></span> <span class='ocrx_word' id='word_1_203' title='bbox 904 1384 928 1408; x_wconf 87' lang='lat' dir='ltr'><strong>a</strong></span> <span class='ocrx_word' id='word_1_204' title='bbox 949 1370 1084 1408; x_wconf 86' lang='lat' dir='ltr'><strong>nostris</strong></span> <span class='ocrx_word' id='word_1_205' title='bbox 1103 1369 1275 1408; x_wconf 88' lang='lat' dir='ltr'><strong>sensibus</strong></span> 
     </span>
     <span class='ocr_line' id='line_1_25' title="bbox 157 1423 1274 1469; baseline -0.007 -1"><span class='ocrx_word' id='word_1_206' title='bbox 157 1430 395 1469; x_wconf 86' lang='lat' dir='ltr'><strong>abhorrebat.</strong></span> <span class='ocrx_word' id='word_1_207' title='bbox 437 1425 672 1465; x_wconf 85' lang='lat' dir='ltr'><strong>Charmadas</strong></span> <span class='ocrx_word' id='word_1_208' title='bbox 698 1438 785 1463; x_wconf 86' lang='lat' dir='ltr'><strong>vero</strong></span> <span class='ocrx_word' id='word_1_209' title='bbox 810 1425 934 1463; x_wconf 88' lang='lat' dir='ltr'><strong>multo</strong></span> <span class='ocrx_word' id='word_1_210' title='bbox 959 1424 1114 1462; x_wconf 89' lang='lat' dir='ltr'><strong>uberius</strong></span> <span class='ocrx_word' id='word_1_211' title='bbox 1138 1423 1274 1461; x_wconf 84' lang='lat' dir='ltr'><strong>iisdem</strong></span> 
     </span>
     <span class='ocr_line' id='line_1_26' title="bbox 159 1476 1275 1532; baseline -0.008 -9"><span class='ocrx_word' id='word_1_212' title='bbox 159 1485 208 1524; x_wconf 87' lang='lat' dir='ltr'><strong>de</strong></span> <span class='ocrx_word' id='word_1_213' title='bbox 232 1485 344 1522; x_wconf 91' lang='lat' dir='ltr'><strong>rebus</strong></span> <span class='ocrx_word' id='word_1_214' title='bbox 368 1482 622 1532; x_wconf 70' lang='lat' dir='ltr'><strong>loquebatur-3</strong></span> <span class='ocrx_word' id='word_1_215' title='bbox 656 1491 732 1517; x_wconf 91' lang='lat' dir='ltr'><strong>non</strong></span> <span class='ocrx_word' id='word_1_216' title='bbox 760 1492 838 1530; x_wconf 92' lang='lat' dir='ltr'><strong>quo</strong></span> <span class='ocrx_word' id='word_1_217' title='bbox 863 1478 1024 1530; x_wconf 87' lang='lat' dir='ltr'><strong>aperiret</strong></span> <span class='ocrx_word' id='word_1_218' title='bbox 1049 1476 1275 1516; x_wconf 86' lang='lat' dir='ltr'><strong>sententiam</strong></span> 
     </span>
     <span class='ocr_line' id='line_1_27' title="bbox 161 1530 1275 1584; baseline -0.008 -7"><span class='ocrx_word' id='word_1_219' title='bbox 161 1550 295 1583; x_wconf 81' lang='lat' dir='ltr'><strong>suam3</strong></span> <span class='ocrx_word' id='word_1_220' title='bbox 323 1535 387 1574; x_wconf 83' lang='lat' dir='ltr'><strong>hic</strong></span> <span class='ocrx_word' id='word_1_221' title='bbox 405 1534 508 1573; x_wconf 86' lang='lat' dir='ltr'><strong>enim</strong></span> <span class='ocrx_word' id='word_1_222' title='bbox 526 1546 610 1572; x_wconf 86' lang='lat' dir='ltr'><strong>mos</strong></span> <span class='ocrx_word' id='word_1_223' title='bbox 630 1540 709 1571; x_wconf 84' lang='lat' dir='ltr'><strong>erat</strong></span> <span class='ocrx_word' id='word_1_224' title='bbox 726 1533 871 1584; x_wconf 82' lang='lat' dir='ltr'><strong>patrius</strong></span> <span class='ocrx_word' id='word_1_225' title='bbox 885 1531 1121 1580; x_wconf 83' lang='lat' dir='ltr'><strong>Academiae,</strong></span> <span class='ocrx_word' id='word_1_226' title='bbox 1141 1530 1275 1568; x_wconf 87' lang='lat' dir='ltr'><strong>adver-</strong></span> 
     </span>
     <span class='ocr_line' id='line_1_28' title="bbox 161 1584 1276 1641; baseline -0.008 -10"><span class='ocrx_word' id='word_1_227' title='bbox 161 1593 235 1632; x_wconf 84' lang='lat' dir='ltr'><strong>sari</strong></span> <span class='ocrx_word' id='word_1_228' title='bbox 247 1603 394 1641; x_wconf 88' lang='lat' dir='ltr'><strong>semper</strong></span> <span class='ocrx_word' id='word_1_229' title='bbox 406 1588 584 1627; x_wconf 87' lang='lat' dir='ltr'><strong>omnibus</strong></span> <span class='ocrx_word' id='word_1_230' title='bbox 595 1587 635 1624; x_wconf 92' lang='lat' dir='ltr'><strong>in</strong></span> <span class='ocrx_word' id='word_1_231' title='bbox 650 1586 879 1638; x_wconf 86' lang='lat' dir='ltr'><strong>disputando</strong></span> <span class='ocrx_word' id='word_1_232' title='bbox 892 1600 904 1632; x_wconf 83' lang='lat'>3</span> <span class='ocrx_word' id='word_1_233' title='bbox 926 1586 992 1624; x_wconf 89' lang='lat' dir='ltr'><strong>sed</strong></span> <span class='ocrx_word' id='word_1_234' title='bbox 1003 1599 1092 1624; x_wconf 87' lang='lat' dir='ltr'><strong>cum</strong></span> <span class='ocrx_word' id='word_1_235' title='bbox 1105 1584 1276 1622; x_wconf 81' lang='lat' dir='ltr'><strong>maxime</strong></span> 
     </span>
     <span class='ocr_line' id='line_1_29' title="bbox 164 1638 1276 1692; baseline -0.009 -7"><span class='ocrx_word' id='word_1_236' title='bbox 164 1655 293 1685; x_wconf 84' lang='lat' dir='ltr'><strong>tamen</strong></span> <span class='ocrx_word' id='word_1_237' title='bbox 311 1644 383 1682; x_wconf 87' lang='lat' dir='ltr'><strong>hoc</strong></span> <span class='ocrx_word' id='word_1_238' title='bbox 402 1642 651 1692; x_wconf 83' lang='lat' dir='ltr'><strong>significabat,</strong></span> <span class='ocrx_word' id='word_1_239' title='bbox 672 1654 748 1689; x_wconf 88' lang='lat' dir='ltr'><strong>eos,</strong></span> <span class='ocrx_word' id='word_1_240' title='bbox 770 1640 837 1692; x_wconf 90' lang='lat' dir='ltr'><strong>qui</strong></span> <span class='ocrx_word' id='word_1_241' title='bbox 850 1640 1016 1678; x_wconf 82' lang='lat' dir='ltr'><strong>rhetores</strong></span> <span class='ocrx_word' id='word_1_242' title='bbox 1034 1638 1276 1677; x_wconf 78' lang='lat' dir='ltr'><strong>nominaren-</strong></span> 
     </span>
     <span class='ocr_line' id='line_1_30' title="bbox 163 1692 1277 1749; baseline -0.01 -9"><span class='ocrx_word' id='word_1_243' title='bbox 163 1710 240 1748; x_wconf 88' lang='lat' dir='ltr'><strong>tur,</strong></span> <span class='ocrx_word' id='word_1_244' title='bbox 267 1706 304 1738; x_wconf 92' lang='lat' dir='ltr'><strong>et</strong></span> <span class='ocrx_word' id='word_1_245' title='bbox 330 1697 397 1749; x_wconf 91' lang='lat' dir='ltr'><strong>qui</strong></span> <span class='ocrx_word' id='word_1_246' title='bbox 422 1695 571 1734; x_wconf 89' lang='lat' dir='ltr'><strong>dicendi</strong></span> <span class='ocrx_word' id='word_1_247' title='bbox 596 1702 783 1746; x_wconf 75' lang='lat' dir='ltr'><strong>praecepta</strong></span> <span class='ocrx_word' id='word_1_248' title='bbox 808 1693 1011 1741; x_wconf 82' lang='lat' dir='ltr'><strong>traderent,</strong></span> <span class='ocrx_word' id='word_1_249' title='bbox 1037 1692 1135 1730; x_wconf 90' lang='lat' dir='ltr'><strong>nihil</strong></span> <span class='ocrx_word' id='word_1_250' title='bbox 1163 1692 1277 1742; x_wconf 86' lang='lat' dir='ltr'><strong>plane</strong></span> 
     </span>
     <span class='ocr_line' id='line_1_31' title="bbox 164 1745 1278 1802; baseline -0.009 -9"><span class='ocrx_word' id='word_1_251' title='bbox 164 1763 304 1802; x_wconf 86' lang='lat' dir='ltr'><strong>tenere,</strong></span> <span class='ocrx_word' id='word_1_252' title='bbox 333 1763 457 1802; x_wconf 87' lang='lat' dir='ltr'><strong>neque</strong></span> <span class='ocrx_word' id='word_1_253' title='bbox 484 1754 593 1800; x_wconf 84' lang='lat' dir='ltr'><strong>posse</strong></span> <span class='ocrx_word' id='word_1_254' title='bbox 619 1760 854 1800; x_wconf 89' lang='lat' dir='ltr'><strong>quemquam</strong></span> <span class='ocrx_word' id='word_1_255' title='bbox 881 1747 1101 1785; x_wconf 82' lang='lat' dir='ltr'><strong>facultatem</strong></span> <span class='ocrx_word' id='word_1_256' title='bbox 1129 1745 1278 1797; x_wconf 86' lang='lat' dir='ltr'><strong>assequi</strong></span> 
     </span>
     <span class='ocr_line' id='line_1_32' title="bbox 165 1799 1231 1855; baseline -0.01 -7"><span class='ocrx_word' id='word_1_257' title='bbox 165 1807 328 1854; x_wconf 87' lang='lat' dir='ltr'><strong>dicendi,</strong></span> <span class='ocrx_word' id='word_1_258' title='bbox 349 1805 421 1843; x_wconf 86' lang='lat' dir='ltr'><strong>nisi</strong></span> <span class='ocrx_word' id='word_1_259' title='bbox 441 1803 507 1855; x_wconf 87' lang='lat' dir='ltr'><strong>qui</strong></span> <span class='ocrx_word' id='word_1_260' title='bbox 526 1801 840 1854; x_wconf 88' lang='lat' dir='ltr'><strong>philosophorum</strong></span> <span class='ocrx_word' id='word_1_261' title='bbox 859 1801 1013 1839; x_wconf 83' lang='lat' dir='ltr'><strong>inventa</strong></span> <span class='ocrx_word' id='word_1_262' title='bbox 1031 1799 1231 1838; x_wconf 88' lang='lat' dir='ltr'><strong>didicisset.</strong></span> 
     </span>
    </p>

    <p class='ocr_par' dir='ltr' id='par_1_3' title="bbox 165 1852 1280 2231">
     <span class='ocr_line' id='line_1_33' title="bbox 219 1852 1280 1909; baseline -0.009 -9"><span class='ocrx_word' id='word_1_263' title='bbox 219 1861 340 1901; x_wconf 88' lang='lat' dir='ltr'>XIX.</span> <span class='ocrx_word' id='word_1_264' title='bbox 370 1858 781 1909; x_wconf 72' lang='lat' dir='ltr'><strong>Disputabant,contra</strong></span> <span class='ocrx_word' id='word_1_265' title='bbox 799 1854 928 1892; x_wconf 81' lang='lat' dir='ltr'><strong>diserti</strong></span> <span class='ocrx_word' id='word_1_266' title='bbox 944 1853 1133 1901; x_wconf 88' lang='lat' dir='ltr'><strong>homines,</strong></span> <span class='ocrx_word' id='word_1_267' title='bbox 1153 1852 1280 1890; x_wconf 85' lang='lat' dir='ltr'><strong>Athe-</strong></span> 
     </span>
     <span class='ocr_line' id='line_1_34' title="bbox 166 1907 1279 1963; baseline -0.012 -7"><span class='ocrx_word' id='word_1_268' title='bbox 166 1918 328 1963; x_wconf 89' lang='lat' dir='ltr'><strong>nienses,</strong></span> <span class='ocrx_word' id='word_1_269' title='bbox 357 1921 393 1952; x_wconf 92' lang='lat' dir='ltr'><strong>et</strong></span> <span class='ocrx_word' id='word_1_270' title='bbox 421 1912 460 1949; x_wconf 90' lang='lat' dir='ltr'><strong>in</strong></span> <span class='ocrx_word' id='word_1_271' title='bbox 490 1910 685 1962; x_wconf 62' lang='lat' dir='ltr'><strong>republica</strong></span> <span class='ocrx_word' id='word_1_272' title='bbox 714 1908 911 1960; x_wconf 70' lang='lat' dir='ltr'><strong>causisque</strong></span> <span class='ocrx_word' id='word_1_273' title='bbox 939 1907 1088 1954; x_wconf 85' lang='lat' dir='ltr'><strong>versati,</strong></span> <span class='ocrx_word' id='word_1_274' title='bbox 1121 1907 1162 1944; x_wconf 90' lang='lat' dir='ltr'><strong>in</strong></span> <span class='ocrx_word' id='word_1_275' title='bbox 1190 1907 1279 1958; x_wconf 71' lang='lat' dir='ltr'><strong>quis</strong></span> 
     </span>
     <span class='ocr_line' id='line_1_35' title="bbox 169 1960 1276 2016; baseline -0.012 -6"><span class='ocrx_word' id='word_1_276' title='bbox 169 1978 250 2011; x_wconf 86' lang='lat' dir='ltr'><strong>erat</strong></span> <span class='ocrx_word' id='word_1_277' title='bbox 274 1969 388 2008; x_wconf 85' lang='lat' dir='ltr'><strong>etiam</strong></span> <span class='ocrx_word' id='word_1_278' title='bbox 415 1966 460 2014; x_wconf 85' lang='lat' dir='ltr'><strong>is,</strong></span> <span class='ocrx_word' id='word_1_279' title='bbox 489 1965 555 2016; x_wconf 86' lang='lat' dir='ltr'><strong>qui</strong></span> <span class='ocrx_word' id='word_1_280' title='bbox 581 1976 703 2015; x_wconf 87' lang='lat' dir='ltr'><strong>nuper</strong></span> <span class='ocrx_word' id='word_1_281' title='bbox 729 1963 866 2000; x_wconf 81' lang='lat' dir='ltr'><strong>Romae</strong></span> <span class='ocrx_word' id='word_1_282' title='bbox 890 1961 978 2010; x_wconf 77' lang='lat' dir='ltr'><strong>fuit,</strong></span> <span class='ocrx_word' id='word_1_283' title='bbox 1007 1960 1276 2007; x_wconf 75' lang='lat' dir='ltr'><strong>Menedemus,</strong></span> 
     </span>
     <span class='ocr_line' id='line_1_36' title="bbox 165 2014 1277 2075; baseline -0.013 -11"><span class='ocrx_word' id='word_1_284' title='bbox 165 2027 302 2075; x_wconf 89' lang='lat' dir='ltr'><strong>hospes</strong></span> <span class='ocrx_word' id='word_1_285' title='bbox 321 2033 456 2065; x_wconf 87' lang='lat' dir='ltr'><strong>meus;</strong></span> <span class='ocrx_word' id='word_1_286' title='bbox 487 2019 553 2070; x_wconf 90' lang='lat' dir='ltr'><strong>qui</strong></span> <span class='ocrx_word' id='word_1_287' title='bbox 579 2031 667 2056; x_wconf 87' lang='lat' dir='ltr'><strong>cum</strong></span> <span class='ocrx_word' id='word_1_288' title='bbox 693 2016 831 2055; x_wconf 88' lang='lat' dir='ltr'><strong>diceret</strong></span> <span class='ocrx_word' id='word_1_289' title='bbox 856 2029 933 2054; x_wconf 87' lang='lat' dir='ltr'><strong>esse</strong></span> <span class='ocrx_word' id='word_1_290' title='bbox 952 2014 1161 2066; x_wconf 84' lang='lat' dir='ltr'><strong>quamdam</strong></span> <span class='ocrx_word' id='word_1_291' title='bbox 1185 2027 1277 2065; x_wconf 87' lang='lat' dir='ltr'><strong>pru-</strong></span> 
     </span>
     <span class='ocr_line' id='line_1_37' title="bbox 167 2067 1279 2126; baseline -0.013 -8"><span class='ocrx_word' id='word_1_292' title='bbox 167 2078 353 2124; x_wconf 86' lang='lat' dir='ltr'><strong>dentiam,</strong></span> <span class='ocrx_word' id='word_1_293' title='bbox 381 2087 467 2126; x_wconf 82' lang='lat' dir='ltr'><strong>quae</strong></span> <span class='ocrx_word' id='word_1_294' title='bbox 493 2079 702 2111; x_wconf 84' lang='lat' dir='ltr'><strong>versaretur</strong></span> <span class='ocrx_word' id='word_1_295' title='bbox 721 2071 760 2108; x_wconf 91' lang='lat' dir='ltr'><strong>in</strong></span> <span class='ocrx_word' id='word_1_296' title='bbox 780 2069 1046 2121; x_wconf 80' lang='lat' dir='ltr'><strong>perspiciendis</strong></span> <span class='ocrx_word' id='word_1_297' title='bbox 1070 2067 1279 2109; x_wconf 85' lang='lat' dir='ltr'><strong>rationibus</strong></span> 
     </span>
     <span class='ocr_line' id='line_1_38' title="bbox 169 2122 1278 2176; baseline -0.013 -4"><span class='ocrx_word' id='word_1_298' title='bbox 169 2129 518 2172; x_wconf 82' lang='lat' dir='ltr'><strong>constituendarum</strong></span> <span class='ocrx_word' id='word_1_299' title='bbox 544 2133 581 2164; x_wconf 85' lang='lat' dir='ltr'><strong>et</strong></span> <span class='ocrx_word' id='word_1_300' title='bbox 606 2125 857 2176; x_wconf 80' lang='lat' dir='ltr'><strong>regendarum</strong></span> <span class='ocrx_word' id='word_1_301' title='bbox 877 2135 1004 2161; x_wconf 88' lang='lat' dir='ltr'><strong>rerum</strong></span> <span class='ocrx_word' id='word_1_302' title='bbox 1023 2122 1278 2174; x_wconf 81' lang='lat' dir='ltr'><strong>publicarum,</strong></span> 
     </span>
     <span class='ocr_line' id='line_1_39' title="bbox 170 2174 1279 2231; baseline -0.013 -5"><span class='ocrx_word' id='word_1_303' title='bbox 170 2186 404 2226; x_wconf 75' lang='lat' dir='ltr'><strong>excitabatur</strong></span> <span class='ocrx_word' id='word_1_304' title='bbox 440 2182 556 2220; x_wconf 89' lang='lat' dir='ltr'><strong>homo</strong></span> <span class='ocrx_word' id='word_1_305' title='bbox 593 2186 765 2231; x_wconf 82' lang='lat' dir='ltr'><strong>promtus</strong></span> <span class='ocrx_word' id='word_1_306' title='bbox 802 2179 849 2216; x_wconf 83' lang='lat' dir='ltr'><strong>ab</strong></span> <span class='ocrx_word' id='word_1_307' title='bbox 882 2176 1036 2216; x_wconf 85' lang='lat' dir='ltr'><strong>homine</strong></span> <span class='ocrx_word' id='word_1_308' title='bbox 1069 2174 1279 2214; x_wconf 79' lang='lat' dir='ltr'><strong>abundanti</strong></span> 
     </span>
    </p>
   </div>
   <div class='ocr_carea' id='block_1_3' title="bbox 1267 151 1428 301">
    <p class='ocr_par' dir='ltr' id='par_1_4' title="bbox 1267 151 1428 301">
     <span class='ocr_line' id='line_1_40' title="bbox 1267 151 1428 301; baseline 0 2043"><span class='ocrx_word' id='word_1_309' title='bbox 1267 151 1428 301; x_wconf 95' lang='lat' dir='ltr'><strong> </strong></span> 
     </span>
    </p>
   </div>
  </div>
 </body>
</html>
