1429 2344
189 83 265 124 194
347 81 424 122 DE
453 80 750 132 ORATORE,
781 80 879 121 1113.
900 79 958 120 11.
989 79 1094 122 CAP.
1108 80 1149 120 3.

187 189 320 240 cendo,
341 197 378 230 et
396 190 599 230 timiditate
615 189 784 241 ingenua
801 188 983 241 quadam,
1003 188 1188 240 refugisti,
1204 187 1295 237 sive,

190 251 234 283 ut
252 245 332 296 ipse
347 245 465 294 jocari
482 245 592 293 soles,
607 256 731 282 unum
745 243 888 295 putasti
901 243 989 282 satis
1003 255 1081 281 esse
1094 255 1170 281 non
1183 242 1298 281 modo

189 297 232 336 in
257 298 336 336 una
359 297 507 336 familia
531 298 734 346 rhetorem,
759 297 824 335 sed
841 309 949 348 paene
966 297 1007 334 in
1025 296 1105 335 tota
1123 296 1297 342 civitate3

190 363 268 389 non
287 358 415 390 tamen
433 351 592 390 arbitror
611 351 680 389 tibi
697 351 766 389 hos
783 351 898 389 libros
915 350 956 388 in
975 363 1019 389 eo
1042 350 1123 389 fore
1147 362 1297 401 genere,

190 404 295 456 quod
312 405 460 454 merito,
481 412 634 456 propter
652 417 796 453 eorum,
817 404 884 456 qui
908 403 955 442 de
979 403 1128 442 dicendi
1157 403 1302 442 ratione

190 458 447 509 disputarunt,
471 459 711 508 jejunitatem
735 460 923 496 bonarum
947 457 1102 506 artium,
1121 457 1238 508 possit
1254 456 1302 494 il-

191 512 286 550 ludi.
327 512 438 550 Nihil
463 512 566 550 enim
590 512 686 549 mihi
711 511 867 563 quidem
891 510 1070 549 videtur
1059 523 1101 548 111
1121 509 1246 549 Crassi
1265 517 1303 548 et

191 565 358 604 Α11101111
386 578 556 604 sermone
585 578 663 603 esse
692 565 940 616 praeteritum,
969 563 1072 616 quod
1099 563 1304 616 quisquam

192 620 356 657 summis
373 619 548 670 ingeniis,
569 618 757 658 acerrimis
782 618 929 666 5111(1115,
954 617 1101 679 optima
1117 617 1302 666 doctrina,

194 673 365 711 maximo
388 686 476 721 usu,
497 673 670 723 cognosci
694 686 737 710 ac
758 672 900 723 percipi
923 671 1090 723 potuisse
1107 671 1306 709 arbitrare-

194 732 284 773 tur3
314 726 417 778 quod
434 734 478 765 tu
495 726 675 765 facillime
693 726 830 777 poteris
852 725 1035 776 judicare,
1055 725 1123 777 qui
1140 724 1306 776 pruden-

196 780 291 818 tiam
309 780 570 831 rationemque
583 780 732 819 dicendi
749 793 816 831 per
833 787 871 818 te
883 780 1026 831 ipsum,
1045 791 1161 817 usum
1178 785 1309 817 autem

196 846 265 885 per
283 846 366 882 nos,
385 834 575 885 percipere
594 834 757 873 voluisti.
786 833 875 882 Sed,
891 846 968 885 quo
982 832 1092 871 citius
1103 833 1189 882 hoc,
1206 831 1309 884 quod

198 888 465 953 suscepimus,
474 900 551 926 non
577 888 765 926 mediocre
792 900 948 936 munus,
981 887 1162 925 conficere
1190 885 1310 938 possi-

198 953 300 990 mus,
334 941 472 979 omissa
500 942 630 980 nostra
660 941 934 990 adhortatione,
963 941 1012 978 ad
1041 953 1187 992 eorum,
1216 952 1312 992 quos

199 995 481 1046 proposuimus,
522 1007 735 1034 sermonem
775 994 1145 1047 disputationemque
1184 993 1313 1034 venia-

201 1061 302 1087 mus.

255 1103 410 1141 Postero
428 1101 545 1153 igitur
562 1101 636 1152 die,
657 1115 774 1154 quam
791 1101 859 1140 ina
877 1109 984 1141 erant
1002 1109 1098 1151 acta,
1117 1100 1212 1140 hora
1235 1100 1314 1140 fere

201 1156 381 1205 secunda,
407 1168 496 1194 cum
521 1157 636 1194 etiam
658 1164 743 1194 tum
767 1157 808 1194 in
831 1156 928 1194 lecto
956 1156 1113 1195 Crassus
1139 1162 1248 1205 esset,
1276 1162 1314 1194 et

202 1210 306 1261 apud
325 1222 414 1248 eum
433 1210 623 1260 Sulpicius
642 1210 798 1257 sederet,
817 1209 1013 1249 Antonius
1035 1217 1164 1249 autem
1188 1210 1313 1247 inam-

202 1264 352 1302 bularet
370 1276 459 1302 cum
478 1263 591 1302 Cotta
608 1264 648 1301 in
667 1264 827 1314 porticu,
847 1271 999 1315 repente
1021 1277 1065 1302 eo
1083 1263 1136 1311 Q.
1153 1263 1315 1302 Catulus

204 1329 320 1355 senex
339 1329 426 1355 cum
446 1316 491 1355 C.
507 1317 616 1355 Julio
642 1317 756 1355 fratre
777 1317 892 1356 venit.
933 1317 1050 1365 Quod
1067 1317 1137 1355 ubi
1154 1317 1313 1365 audivit,

205 1378 418 1409 commotus
433 1370 588 1409 Crassus
603 1371 784 1417 surrexit3
805 1383 1012 1422 omnesque
1026 1371 1216 1420 admirati,
1231 1383 1315 1408 ma-

204 1425 329 1474 jorem
347 1425 518 1475 aliquam
536 1437 614 1462 esse
632 1438 784 1463 causam
798 1438 929 1462 eorum
943 1425 1125 1463 adventus
1139 1423 1318 1477 suspicati

208 1485 309 1516 sunt.
339 1478 420 1526 Qui
431 1491 519 1516 cum
532 1479 629 1516 inter
640 1492 692 1527 se,
705 1486 750 1516 ut
761 1478 932 1529 ipsorum
946 1492 1037 1517 usus
1050 1478 1208 1528 ferebat,
1221 1477 1318 1517 ami-

209 1531 357 1569 cissime
376 1532 692 1578 consalutassent3
718 1531 825 1580 Quid
843 1545 909 1570 vos
926 1532 1108 1571 tandem?
1146 1532 1318 1580 Crassus,

210 1585 322 1623 Num
336 1585 535 1636 quidnam,
550 1586 690 1637 inquit,
706 1586 795 1624 novi
807 1588 825 1624 ἓ
856 1586 968 1624 Nihil
986 1598 1088 1635 sane,
1104 1585 1231 1638 inquit
1246 1585 1320 1624 Ca-

210 1639 339 1677 tulus:
381 1639 520 1677 etenim
552 1639 655 1678 vides
687 1653 765 1678 esse
795 1640 930 1678 ludos:
971 1639 1037 1678 sed
1068 1640 1146 1683 (vel
1176 1646 1221 1677 tu
1252 1650 1322 1677 nos

209 1692 358 1743 ineptos
375 1692 476 1741 licet,
496 1693 636 1744 inquit,
656 1694 716 1732 vel
739 1694 915 1732 molestos
939 1698 1066 1754 putes)
1084 1705 1174 1732 cum
1192 1691 1241 1730 ad
1258 1704 1323 1730 me

210 1746 252 1784 in
271 1745 537 1784 Tusculanum
558 1745 723 1799 [inquit]
742 1747 825 1785 heri
849 1747 993 1798 vesperi
1017 1746 1177 1785 venisset
1196 1746 1324 1784 Caesar

212 1799 262 1838 de
280 1799 501 1838 Tusculano
525 1813 607 1848 suo,
633 1800 731 1838 dixit
753 1800 864 1849 mihi,
891 1814 914 1839 a
938 1813 976 1839 se
1002 1800 1209 1839 Scaevolam
1233 1799 1325 1838 hinc

215 1860 370 1892 euntem
397 1866 475 1891 esse
501 1861 743 1903 conventum,
772 1867 820 1892 ex
852 1867 928 1905 quo
960 1854 1058 1892 mira
1083 1853 1261 1905 quaedam
1288 1866 1328 1892 se

214 1907 366 1945 audisse
390 1906 561 1952 dicebat3
595 1915 646 1955 te,
674 1920 790 1959 quem
815 1920 898 1959 ego,
923 1908 1030 1946 toties
1055 1907 1161 1946 0111111
1184 1907 1329 1945 ratione

217 1967 382 2009 tentans,
402 1960 451 1998 ad
469 1960 742 2011 disputandum
760 1961 891 2000 elicere
908 1974 985 2000 non
1002 1962 1223 2013 potuissem,
1242 1973 1328 2013 per-

217 2014 341 2052 multa
372 2013 419 2051 de
446 2014 662 2065 eloquentia
688 2028 777 2053 cum
808 2015 980 2054 Antonio
1011 2014 1241 2063 disseruisse,
1274 2020 1326 2063 et,

218 2073 419 2119 tamquam
432 2068 473 2105 in
487 2068 628 2115 schola,
648 2082 766 2120 prope
784 2069 832 2107 ad
851 2069 1072 2108 Graecorum
1090 2067 1329 2107 eonsuetudi-

219 2132 322 2169 nem,
343 2120 565 2172 disputasse.
610 2123 747 2173 Itaque
769 2123 884 2161 frater
909 2122 1077 2161 exoravit
1101 2135 1177 2170 me,
1200 2122 1328 2172 ipsum

219 2174 375 2224 quidem
404 2187 426 2213 a
453 2175 577 2213 studio
605 2176 783 2216 audiendi
807 2189 884 2216 non
910 2176 1022 2216 nimis
1051 2175 1328 2223 abhorrentem,
