1407 2308
174 42 250 81 DE
281 42 666 92 INVENTIONE,
697 43 794 81 Lm.
817 43 874 81 11.
904 41 1099 82 CAP.54.'
1133 43 1215 86 117·

107 156 144 186 et
170 148 310 187 honore
334 149 565 200 dignantur3
600 150 749 197 veritas,
776 163 843 201 per
867 162 984 201 quam
1008 149 1211 186 immutata

108 215 164 249 ea,
184 215 271 253 quae
289 211 391 251 sunt,
412 210 479 240 aut
495 209 582 241 ante
600 203 767 251 fuerunt,
787 211 853 241 aut
878 204 1006 241 futura
1032 209 1133 250 sunt,
1153 201 1211 238 di-

107 262 255 292 cuntur.

164 308 275 346 LIV.
305 308 587 347 Consuetudine
610 310 673 358 jus
701 317 769 357 est,
798 309 914 362 quod,
943 316 1009 348 aut
1034 308 1165 346 leviter
1189 320 1213 344 a

110 362 245 399 natura
271 369 447 423 tractum,
474 363 582 409 aluit,
609 371 646 400 et
670 365 794 412 majus
821 363 908 401 fecit
930 376 1034 409 usus,
1060 370 1104 399 ut
1125 361 1213 398 reli-

109 414 286 464 gionem3
316 423 383 452 aut
401 416 431 453 si
450 416 543 466 quid
561 429 706 477 eorum,
733 430 819 467 quae
843 425 930 454 ante
955 416 1136 462 diximus,
1163 416 1211 452 ab

110 468 247 505 natura
272 468 497 519 profectum,
524 470 648 518 majus
672 469 815 507 factum
841 477 992 520 propter
1015 475 1213 506 consuetu-

110 520 238 558 dinem
257 521 453 567 videmus;
483 529 549 559 aut
567 521 698 573 quod
688 535 727 559 m
751 536 896 560 morem
921 529 1084 560 vetustas
1109 520 1215 570 vulgi

111 574 379 624 approbatione
402 575 604 626 perduxit:
640 575 741 626 quod
766 588 898 626 genus,
929 582 1098 626 pactum,
1129 586 1212 624 par,

108 627 334 675 judicatum.
365 628 525 666 Pactum
541 635 608 676 est,
625 629 727 679 quod
740 629 836 666 inter
855 630 1000 679 aliquos
1019 627 1213 670 convenit;

113 693 194 730 par,
224 680 326 731 quod
353 681 392 718 in
420 694 550 719 omnes
580 682 764 733 aequabile
793 689 874 727 est,
864 696 874 705 ·
912 681 1150 742 judicatum,
1168 680 1215 717 de

112 746 189 783 quo
207 734 366 782 aliquus
384 742 451 772 aut
474 735 690 785 aliquorum
711 736 793 784 Jam
819 734 1011 773 sententiis
1036 733 1217 771 constitu-

114 796 196 824 tum
217 794 282 824 est.
323 787 427 838 Lege
447 788 511 836 jus
530 795 598 835 est,
618 788 748 839 quod
738 801 778 825 m
797 801 840 826 eo
858 788 1007 848 scripto,
1028 786 1131 837 quod
1148 798 1217 836 po-

113 839 204 889 pulo
229 841 442 891 expositum
467 848 535 889 est,
559 848 603 878 ut
627 843 809 888 observet,
829 841 1051 878 continetur.
1094 839 1218 876 Forti-

113 892 204 930 tudo
223 900 278 930 est
295 893 526 931 considerata
549 894 802 944 periculorum
828 893 1025 944 susceptio,
1051 899 1087 930 et
1112 893 1218 929 labo-

112 957 197 982 rum
215 947 413 997 perpessio.
452 946 550 995 Ejus
575 954 712 998 partes,
735 946 1028 997 magnificentia,
1048 944 1217 993 fidentia,

111 998 303 1048 patientia,
340 1001 622 1050 perseverantia.
675 1000 963 1051 Magnificentia
999 1005 1054 1036 est
1089 1010 1216 1036 rerum

114 1064 340 1101 magnarum
359 1059 396 1090 et
410 1053 656 1101 excelsarum,
673 1066 760 1092 cum
775 1053 894 1090 animi
907 1052 1037 1103 ampla
1050 1051 1218 1102 quadarn

113 1112 151 1142 et
182 1106 379 1155 splendida
406 1106 671 1157 propositione,
700 1106 868 1157 agitatio,
896 1113 1010 1156 atque
1037 1104 1220 1142 adminis-

115 1158 248 1196 tratio:
279 1159 433 1196 fidentia
450 1166 518 1207 est,
538 1172 604 1210 per
629 1172 747 1210 quam
775 1159 924 1209 magnis
942 1166 978 1196 et
995 1157 1160 1195 honestis
1177 1157 1217 1194 in

114 1212 225 1248 rebus
243 1212 411 1250 multum
428 1212 508 1263 ipse
530 1212 680 1250 animus
704 1213 744 1250 in
771 1225 809 1250 se
832 1212 980 1250 fiduciae
1005 1211 1105 1249 certa
1130 1223 1218 1248 cum

115 1277 180 1314 spe
198 1265 415 1303 collocavit:
445 1265 626 1316 patientia
644 1272 712 1314 est,
732 1265 934 1303 honestatis
956 1271 1022 1302 aut
1047 1263 1220 1301 utilitatis

115 1318 240 1365 causa,
261 1331 388 1356 rerum
407 1319 611 1356 arduarum
637 1332 680 1356 ac
705 1318 915 1356 difficilium
942 1316 1152 1356 voluntaria
1177 1329 1220 1354 ae

115 1370 295 1408 diuturna
311 1372 522 1422 perpessio:
549 1371 822 1422 perseverantia
840 1378 894 1409 est
912 1371 952 1408 in
971 1371 1112 1408 ratione
1125 1371 1220 1407 bene

116 1423 348 1462 considerata
366 1425 508 1462 stabilis
527 1432 564 1462 et
584 1432 766 1475 perpetua
789 1423 1013 1475 permansio.
1053 1423 1220 1473 Tempe-

117 1477 238 1514 rantia
267 1484 321 1514 est
345 1478 498 1516 rationis
522 1478 562 1514 in
587 1477 798 1525 libidinem,
824 1485 938 1528 atque
963 1477 1001 1514 in
1027 1476 1119 1514 alios
1143 1488 1220 1513 non

117 1536 233 1567 rectos
252 1529 415 1580 impetus
434 1531 565 1577 animi,
592 1531 702 1568 firma
724 1538 761 1568 et
783 1531 977 1568 moderata
1001 1528 1220 1569 dominatio.

118 1581 215 1630 Ejus
242 1592 365 1634 partes
391 1591 493 1631 sunt,
520 1583 761 1630 continentia,
788 1583 999 1630 clementia,
1023 1581 1219 1620 modestia.

118 1635 360 1674 Continentia
377 1644 446 1684 est,
472 1650 539 1687 per
564 1649 680 1688 quam
706 1636 890 1687 cupiditas
915 1635 1059 1674 consilii
1084 1636 1222 1685 guber-

117 1688 267 1726 natione
285 1690 450 1741 regitur;
478 1689 690 1737 clementia,
710 1703 777 1740 per
795 1703 911 1741 quam
930 1688 1062 1735 animi,
1083 1696 1222 1726 temere

116 1741 155 1778 in
183 1741 313 1779 odium
341 1743 501 1792 alicujus
528 1743 715 1790 concitati,
742 1743 902 1780 invectio
930 1742 1105 1780 comitate
1135 1741 1222 1778 reti-

117 1802 250 1839 netur,
240 1808 250 1818 ·
278 1796 473 1843 modestia,
493 1809 561 1846 per
579 1808 696 1847 quam
714 1795 836 1846 pudor
854 1796 1031 1833 honestus
1052 1793 1218 1844 [caram]

117 1855 154 1886 et
168 1848 339 1886 stabilem
354 1857 546 1899 comparat
559 1849 828 1887 auctoritatem.
854 1848 987 1899 Atque
1000 1847 1080 1884 haec
1093 1847 1222 1884 omnia

116 1908 267 1951 propter
291 1914 329 1939 se
351 1902 489 1950 solum,
517 1909 560 1940 ut
583 1902 680 1939 nihil
705 1902 934 1952 adjungatur
958 1899 1218 1946 emolumenti,

117 1953 278 2002 Ietenda
295 1962 406 1992 sunt.
437 1955 539 2007 quod
558 1962 602 1993 ut
619 1955 907 2001 demonstretur,
927 1966 1050 2004 neque
1075 1952 1122 1989 ad
1147 1927 1219 1989 hoc⁷

116 2015 285 2046 nostrum
297 2008 511 2046 institutum
524 2007 666 2058 pertine
669 2015 697 2055 t,
711 2014 748 2045 et
758 2021 781 2045 a
792 2007 970 2045 brevitate
981 2004 1221 2057 praecipiendi

118 2067 304 2099 remotum
323 2068 390 2099 est.
419 2061 578 2111 Propter
595 2074 634 2099 se
651 2067 778 2099 autem
799 2060 951 2098 vitanda
969 2065 1070 2117 sunt,
1086 2069 1162 2094 non
1177 2069 1220 2094 ea

117 2111 229 2150 modo
248 2126 334 2164 quae
350 2114 410 2152 his
436 2113 619 2154 contraria
644 2121 745 2161 sunt,
766 2121 809 2151 ut
827 2109 1065 2152 fortitudini
1057 2109 1219 2161 ignavia,
