1407 2324
224 76 301 116 DE
322 76 527 116 CLARIS
547 76 935 126 ORATORIBUS,
949 76 1052 116 CAP.
1066 79 1130 122 75.
1151 80 1230 116 425

127 183 252 223 undis
275 183 406 231 literis,
433 196 456 221 a
484 183 730 221 similitudine
757 182 899 221 Graecae
923 184 1121 222 locutionis
1148 186 1233 223 abs-

128 244 307 285 traxerat,
335 238 565 287 sonabatque
591 236 820 274 contrarium
840 236 992 284 Catulo,
1019 239 1234 288 subagreste

130 289 312 343 quiddam
330 290 518 341 planeque
536 289 806 335 subrusticum,
833 290 909 327 alia
935 290 1104 341 quidem,
1125 291 1234 341 quasi

128 343 273 381 inculta
289 350 327 380 et
337 343 495 381 silvestri
509 343 584 390 via,
594 343 642 380 ad
656 342 827 380 eamdem
838 342 991 381 laudem
1003 352 1233 394 pervenerat.

131 396 290 435 Sisenna
303 404 444 444 autem,
460 396 567 447 quasi
582 395 798 433 emendator
809 396 988 434 sermonis
1002 397 1129 434 usitati
1143 409 1232 435 cum

133 462 210 487 esse
225 450 349 497 vellet,
365 462 413 487 ne
427 462 450 486 a
469 449 512 487 C.
527 449 648 487 Rusio
663 449 818 500 quidem
832 457 1043 487 accusatore
1057 450 1233 488 deterreri

131 503 268 554 potuit,
290 515 366 553 quo
384 502 510 540 minus
527 502 715 540 inusitatis
738 502 858 539 verbis
883 509 1061 540 uteretur.
1109 503 1236 550 Quid-

134 567 224 593 nam
249 556 345 593 istuc
370 557 457 593 est?
485 555 611 606 inquit
637 556 805 593 Brutus:
835 562 901 593 aut
923 556 1008 606 quis
1027 563 1082 593 est
1099 556 1168 594 iste
1188 557 1234 594 C.

137 607 281 645 Rusius
297 611 314 646 Ρ
344 608 398 646 Et
423 608 501 653 ille,
528 609 619 645 Fuit
637 615 839 653 accusator,
859 609 997 659 inquit,
1018 617 1138 657 vetus,
1159 623 1236 660 quo

136 668 332 699 accusante
351 661 585 709 Chritilium,
606 661 764 699 Sisenna
784 661 986 700 defendens
1005 662 1115 709 dixit,
1132 676 1237 713 quae-

136 713 226 751 dam
241 715 321 763 ejus
338 716 559 764 sputatilz‘ca
581 727 657 752 esse
676 714 844 752 crimina.
887 715 994 752 Tum
1014 715 1057 753 C.
1079 715 1237 763 Rusius,

138 770 167 789 “
187 766 511 814 Circumvenior,’'
541 768 679 818 inquit,
701 770 729 789 ‘⁶
747 767 904 816 judices,
924 769 996 805 nisi
1021 769 1239 807 subvenitis.

139 819 296 858 Sisenna
310 821 402 871 quid
421 821 533 868 dicat,
549 821 672 858 nescio
687 833 697 856 ι
726 828 854 858 metuo
872 821 1036 859 insidias.
1066 824 1239 871 Sputati-

137 874 215 910 lica
231 873 249 908 ,¹
282 874 376 924 quid
406 882 460 911 est
489 874 559 912 hoc
575 876 593 912 :³
630 876 751 924 Sputa
782 874 875 924 quid
907 875 967 921 sit,
1001 875 1098 912 scio:
1136 877 1239 914 tilica

138 926 300 964 nescio.’'
348 926 515 964 Maximi
544 927 639 964 risus
655 941 665 964 ε
697 927 761 965 sed
793 928 858 964 ille
887 935 1014 965 tamen
1046 928 1242 967 familiaris

137 990 245 1017 meus
263 986 359 1017 recte
376 979 482 1030 loqui
499 982 658 1030 putabat
671 993 762 1027 esse,
782 980 958 1018 inusitate
972 981 1089 1031 loqui.

193 1031 364 1070 LXXV.
395 1032 519 1070 Caesar
547 1041 689 1080 autem,
720 1033 903 1071 rationem
933 1034 1128 1079 adhibens,
1155 1048 1243 1072 con-

137 1085 375 1122 suetudinem
394 1085 566 1123 vitiosam
585 1093 622 1124 et
639 1094 853 1137 corruptam
867 1087 965 1136 pura
979 1094 1015 1124 et
1028 1087 1244 1138 incorrupta

136 1138 405 1176 consuetudine
423 1138 608 1177 emendat.
639 1140 789 1190 Itaque,
810 1152 898 1177 cum
917 1140 965 1177 ad
982 1140 1079 1178 hanc
1093 1142 1243 1191 elegan-

137 1191 230 1228 tiam
249 1193 449 1229 verborum
469 1192 696 1230 Latinorum
715 1196 832 1243 (quae,
857 1192 1003 1230 etiamsi
1025 1201 1147 1231 orator
1165 1207 1241 1232 non

138 1243 202 1290 sis,
223 1250 260 1281 et
278 1244 327 1282 sis
345 1244 532 1295 ingenuus
550 1245 640 1283 civis
661 1246 873 1293 Romanus,
893 1253 1021 1283 tamen
1038 1247 1243 1285 necessaria

140 1303 211 1342 est)
237 1296 411 1347 adjungit
434 1298 501 1334 illa
525 1299 686 1336 oratoria
709 1306 930 1336 ornamenta
954 1299 1126 1345 dicendi3
1161 1307 1243 1338 tum

141 1349 288 1387 videtur
320 1357 515 1400 tamquam
548 1352 695 1388 tabulas
727 1353 822 1389 bene
851 1351 967 1401 pictas
999 1353 1177 1390 collocare
1205 1353 1245 1390 in

142 1404 240 1440 bono
258 1403 414 1440 lumine.
455 1403 567 1441 Hanc
585 1417 673 1441 cum
691 1405 828 1442 habeat
845 1405 1073 1455 praecipuain
1092 1405 1245 1443 laudem

140 1455 180 1492 in
200 1455 477 1502 communibus,
498 1468 573 1493 non
593 1457 700 1494 video
718 1458 779 1495 cui
797 1457 931 1494 debeat
944 1457 1082 1496 cedere.
1112 1459 1247 1509 Splen-

141 1507 270 1545 didam
289 1509 509 1559 quamdam,
530 1509 761 1561 minimeque
779 1511 1051 1559 veteratoriam,
1064 1511 1246 1549 rationem

144 1561 293 1599 dicendi
312 1568 426 1608 tenet,
447 1575 549 1609 voce,
568 1570 690 1611 motu,
711 1563 834 1601 forma
853 1563 967 1601 etiam
988 1564 1191 1615 magnifica
1213 1572 1250 1603 et

143 1614 323 1664 generosa
341 1614 631 1665 quodammodo.

199 1666 306 1704 Tum
332 1668 490 1715 Brutus,
517 1668 716 1707 Orationes
740 1669 896 1720 quidem
922 1671 1003 1719 ejus
1023 1670 1120 1708 mihi
1138 1671 1248 1709 vehe-

146 1727 292 1757 menter
321 1722 555 1771 probantur;
591 1723 801 1772 complures
828 1730 956 1760 autem
983 1724 1070 1774 legi.
1115 1724 1248 1775 Atque

145 1773 259 1810 etiam
277 1775 563 1812 commentarios
577 1775 760 1825 quosdam
773 1776 918 1826 scripsit
931 1789 1056 1814 rerum
1072 1790 1249 1823 suarum;

146 1825 255 1863 valde
273 1826 441 1877 quidem,
461 1827 633 1878 inquam,
653 1829 886 1879 probandos:
914 1829 1007 1866 nudi
1026 1829 1125 1866 enirn
1146 1837 1249 1877 sunt,

146 1879 251 1926 recti,
282 1886 319 1916 et
347 1880 507 1927 venusti,
537 1881 642 1918 omni
670 1889 804 1919 ornatu
833 1882 1022 1929 orationis,
1053 1889 1250 1933 tamquam

148 1938 263 1979 veste,
283 1931 458 1970 detracto.
488 1933 576 1981 Sed,
596 1934 690 1972 dum
709 1934 828 1972 voluit
845 1935 937 1972 alios
954 1935 1090 1973 habere
1104 1942 1248 1985 parata,

150 1984 251 2022 unde
276 1993 480 2034 sumerent,
507 1987 574 2037 qui
599 1987 738 2025 vellent
761 1988 918 2025 scribere
942 1987 1160 2033 historiam3
1190 1989 1249 2026 in-

149 2037 244 2088 eptis
261 2044 411 2088 gratum
430 2039 583 2077 fortasse
601 2039 700 2088 fecit,
721 2041 787 2091 qui
806 2041 931 2078 volent
948 2041 1015 2078 illa
1032 2041 1251 2079 calamistris

148 2089 322 2135 inurere;
355 2103 463 2130 sanos
490 2092 643 2143 quidem
671 2093 841 2131 homines
866 2106 889 2130 a
912 2093 1105 2132 scribendo
1129 2094 1249 2132 deter-

148 2142 237 2181 ruit.
280 2143 389 2182 Nihil
418 2144 519 2184 enim
549 2153 616 2194 est,
648 2146 686 2183 in
717 2146 884 2192 historia,
917 2147 1013 2196 pura
1046 2155 1081 2185 et
1114 2147 1250 2186 illustri

823 2200 847 2238 2
869 2211 894 2238 ο
915 2201 939 2237 3
