1429 2344
163 83 238 122 1³02
282 82 359 123 DE
381 81 770 133 INVENTIONE,
791 83 888 122 Lm.
907 84 965 123 11.
987 84 1091 124 Cn.
1108 82 1175 124 41.

159 204 208 229 ex
231 191 392 242 persona
417 191 618 242 scriptoris,
645 198 759 243 atque
783 191 829 230 iis
854 194 966 230 rebus
992 205 1079 243 quae
1102 192 1273 244 personis

159 246 350 283 attributae
368 253 469 294 sunt,
490 245 795 283 considerabitur.
853 245 1004 284 Deinde
1023 247 1092 283 erit
1111 246 1268 284 demon-

162 299 374 347 strandum,
401 299 432 336 si
451 298 544 349 quid
569 311 616 335 ex
641 298 724 348 ipsa
748 311 787 336 re
805 298 956 337 dabitur
980 299 1183 347 facultatis,
1196 328 1199 330 -
1212 299 1266 347 id,

160 352 264 402 quod
290 352 521 389 adversarius
547 351 746 403 intelligat,
772 353 896 390 multo
921 353 1049 390 minus
1068 352 1267 390 commode

158 406 240 442 fieri
258 418 378 456 posse,
400 418 516 456 quam
535 405 588 452 id,
609 405 711 456 quod
725 418 792 443 nos
807 406 1026 456 accipimus,
1047 405 1149 457 quod
1163 405 1267 444 illius

158 459 212 496 rei
238 471 362 509 neque
388 458 661 496 administratio
687 471 810 510 neque
839 460 961 497 exitus
986 459 1089 497 ullus
1118 465 1263 505 exstet;

158 523 226 549 nos
245 511 348 563 quod
367 511 549 558 dicamus,
570 510 677 549 facile
692 520 728 550 et
742 513 938 550 commode
956 512 1113 562 transigi
1131 524 1237 563 posse
1250 526 1262 550 z

159 572 204 602 ut
228 565 269 602 in
293 565 364 602 hac
389 566 472 615 lege
498 565 611 607 (nihil
635 565 737 603 enim
761 566 935 616 prohibet
953 566 1080 604 fictam
1099 565 1266 616 exempli

157 619 239 657 loco
257 631 410 669 ponere,
431 631 507 670 quo
521 618 668 656 facilius
687 631 744 656 res
762 619 1010 670 intelligatur)
1032 620 1060 640 “
1077 618 1264 657 Meretrix

157 685 334 710 coronam
366 685 520 710 auream
552 685 600 710 ne
631 672 793 710 habeto:
835 673 866 710 si
893 672 1082 720 habuerit,
1111 671 1265 722 publica

156 726 276 774 esto,''
297 733 426 764 contra
440 739 542 773 eum,
563 725 630 776 qui
647 726 881 764 meretricem
895 725 1081 776 publicari
1099 726 1199 763 dicat
1217 738 1265 764 ex

155 779 239 830 lege
267 786 450 830 oportere,
475 786 600 830 posset
629 779 716 827 dici,
747 792 871 831 neque
899 779 1265 817 administrationem

156 846 234 871 esse
251 833 373 870 ullam
390 833 553 883 publicae
571 833 789 881 meretricis,
809 846 932 884 neque
952 832 1098 870 exitum
1115 832 1210 883 legis
1223 833 1264 870 in

155 886 350 924 meretrice
367 886 620 937 publicanda:
652 893 691 923 at
714 887 768 923 in.
780 900 871 924 auro
895 885 1124 937 publicando
1143 893 1180 924 et
1197 886 1265 924 ad-

155 940 471 978 ministrationem
490 947 527 978 et
545 940 691 978 exitum
704 940 855 978 facilem
871 952 961 989 esse,
981 947 1019 978 et
1031 939 1263 978 incommodi

157 994 254 1030 nihil
272 993 403 1032 inesse.

208 1046 324 1084 XLI.
353 1047 415 1085 Ac
434 1047 632 1098 diligenter
650 1047 748 1085 illud
767 1060 918 1099 quoque
937 1047 1128 1085 attendere
1152 1060 1263 1098 opor-

155 1100 263 1147 tebit,
282 1113 392 1149 num,
413 1101 479 1138 illo
497 1103 668 1152 probato,
689 1102 793 1152 quod
811 1101 1042 1139 adversarius
1061 1101 1262 1152 intelligat,

155 1154 284 1192 utilior
315 1167 386 1201 res,
421 1161 487 1192 aut
517 1155 720 1203 honestior,
751 1162 817 1193 aut
845 1155 967 1205 magis
993 1155 1211 1203 necessaria,
1240 1169 1264 1193 a

155 1208 333 1258 scriptore
351 1208 521 1258 neglecta
539 1208 721 1246 videatur.
769 1209 818 1247 Id
842 1209 920 1256 fiet,
947 1208 978 1246 si
997 1207 1050 1256 id,
1072 1207 1175 1259 quod
1193 1221 1262 1248 nos

154 1261 510 1309 demonstrabimus,
548 1262 765 1311 honestum,
799 1269 866 1300 aut
896 1261 1004 1309 utile,
1037 1269 1104 1299 aut
1135 1274 1261 1300 neces-

155 1315 297 1352 sarium
322 1315 689 1362 demonstrabimus3
719 1323 768 1364 et,
796 1316 827 1353 si
852 1315 906 1362 id,
934 1315 1038 1367 quod
1062 1317 1110 1354 ab
1130 1315 1262 1354 adver-

153 1368 260 1406 sariis
274 1368 431 1416 dicetur,
446 1369 606 1406 minime
621 1369 806 1418 ejusmodi
820 1369 988 1407 dicemus
1003 1382 1092 1406 esse.
1113 1368 1266 1408 Deinde

155 1422 187 1459 si
205 1422 245 1458 in
263 1422 347 1472 lege
366 1422 435 1459 erit
453 1436 499 1460 ex
518 1423 699 1473 ambiguo
718 1423 979 1470 controversia,
999 1422 1089 1460 dare
1107 1435 1263 1474 operam

153 1476 353 1526 oportebit,
373 1483 417 1513 ut
435 1476 482 1514 de
501 1489 557 1524 eo,
586 1476 690 1527 quod
708 1476 940 1514 adversarius
958 1476 1159 1527 intelligat,
1186 1476 1262 1515 ali‘a
1322 1482 1326 1487 ’

153 1529 194 1565 in
226 1529 309 1579 lege
341 1536 497 1567 cautum
530 1543 607 1567 esse
634 1530 822 1568 doceatur.
862 1530 1106 1567 Permultum
1134 1537 1262 1568 autem

153 1582 335 1632 proficiet,
366 1583 464 1620 illud
492 1583 760 1631 demonstrare,
792 1583 1117 1644 quemadmodum
1147 1583 1262 1634 scrip-

152 1636 271 1683 sisset,
300 1636 331 1673 si
355 1636 408 1681 id,
436 1637 539 1687 quod
563 1636 796 1675 adversarius
821 1637 992 1688 accipiat,
1018 1637 1100 1674 fieri
1118 1645 1185 1675 aut
1202 1638 1262 1674 in-

154 1664 274 1738 telligi
304 1690 505 1735 voluisset;
536 1697 579 1727 ut
607 1690 647 1728 in
675 1692 746 1729 hac
771 1704 897 1738 causa,
923 1690 963 1727 in
989 1703 1068 1741 qua
1092 1690 1139 1728 de
1164 1691 1261 1729 vasis

151 1742 336 1792 argenteis
365 1743 559 1794 quaeritur,
591 1745 708 1794 possit
739 1744 877 1781 mulier
908 1743 1044 1791 dicere,
1077 1744 1175 1781 nihil
1204 1752 1261 1782 at·
1327 1778 1331 1784 ,

151 1795 308 1833 tinuisse
327 1796 500 1843 adscribi,
533 1798 560 1818 ‘⁶
581 1811 667 1847 quae
685 1797 828 1844 volet,'’
849 1797 880 1834 si
897 1797 1056 1834 haeredis
1075 1798 1260 1836 voluntati

151 1849 407 1899 permitteret3
438 1862 480 1887 eo
500 1850 602 1887 enim
620 1863 697 1888 non
716 1850 916 1901 adscripto,
936 1850 1033 1887 nihil
1051 1851 1171 1888 inesse
1189 1851 1261 1889 du-

150 1902 357 1951 bitationis,
374 1903 467 1954 quin
481 1903 612 1951 haeres,
629 1917 715 1954 quae
729 1904 808 1954 ipse
823 1904 948 1951 vellet,
965 1904 1080 1942 daret.
1109 1904 1260 1943 Amen-

148 1955 245 1993 tiam
271 1956 386 2006 igitur
411 1956 539 2005 fuisse,
567 1970 656 1994 cum
680 1957 820 1995 haeredi
841 1958 954 1995 vellet
972 1970 1113 2006 cavere,
1134 1958 1174 1995 id
1192 1959 1261 1996 ad-

151 2009 323 2057 scribere,
351 2023 427 2061 quo
452 2023 529 2048 non
555 2010 755 2061 adscripto,
775 2010 1022 2048 nihilominus
1039 2011 1180 2049 haeredi
1199 2025 1260 2050 ca-

152 2070 311 2100 veretur.
355 2063 485 2110 Quare
516 2064 587 2102 hoc
619 2077 755 2115 genere
785 2077 1014 2115 magnopere
1035 2065 1186 2103 ·talibus
1217 2066 1259 2103 in

150 2116 272 2154 causis
304 2117 361 2154 uti
393 2118 602 2168 oportebit:
633 2119 665 2156 si
692 2118 763 2156 hoc
794 2118 909 2156 modo
937 2118 1153 2169 scripsisset,
1186 2119 1260 2157 isto

150 2171 263 2208 verbo
289 2183 378 2210 usus
408 2184 484 2210 non
511 2179 629 2218 esset3
660 2184 737 2212 non
767 2172 838 2211 isto
862 2172 944 2212 loco
972 2173 1130 2211 verbum
1155 2172 1259 2211 istud
