1429 2344
116 95 197 134 200
274 93 351 133 DE
379 90 676 142 ORATORE,
707 90 805 131 1:11³.
827 90 886 131 11.
916 91 1020 133 CAP.
1037 94 1075 134 9.

114 202 306 251 omittam,
326 201 394 253 qui
416 202 456 238 in
476 200 582 239 omni
600 199 735 252 pacata
753 206 790 238 et
807 199 926 239 libera
944 200 1094 240 civitate
1111 200 1235 241 dorni-

117 263 244 303 natur,
264 262 370 294 tanta
388 255 588 294 oblectatio
613 261 668 292 est
693 253 732 291 in
757 253 841 305 ips‘a
867 254 1046 293 facultate
1070 255 1233 305 dicendi,

117 316 162 348 ut
185 309 284 347 nihil
308 309 510 347 hominurn
535 314 602 346 aut
627 307 783 346 auribus
802 314 869 345 aut
886 308 1078 347 mentibus
1093 310 1233 358 jucun-

117 362 203 401 dius
222 362 365 414 percipi
383 361 512 423 possit.
555 361 638 409 Qui
657 360 759 399 enim
778 367 910 399 cantus
928 362 1132 401 moderatae
1150 376 1235 402 ora-

119 416 232 455 tionis
257 415 565 467 pronuntiatione
589 414 771 453 dulcior
760 414 921 452 mveniri
943 418 1100 466 potest?
1134 418 1238 469 quod

119 483 273 509 carmen
291 469 492 508 artificiosa
510 470 712 508 verborum
731 468 970 507 conclusione
988 469 1141 520 aptius?
1171 472 1238 522 qui

119 530 224 562 actor
241 523 282 561 in
300 522 500 572 imitanda,
521 535 639 574 quam
665 528 789 560 orator
811 521 852 559 in
871 522 1122 574 suscipienda,
1143 526 1240 563 veri-

121 584 200 616 tate
214 576 451 627 jucundior?
491 575 600 624 Quid
618 582 747 614 autem
772 575 962 624 subtilius,
983 590 1101 627 quam
1119 586 1240 618 acutae

121 632 339 682 crebraeque
363 630 588 669 sententiae?
622 629 717 681 quid
741 629 1016 678 admirabilius,
1043 644 1162 682 quam
1183 645 1242 671 res

124 685 323 736 splendore
340 684 529 723 illustrata
547 684 748 723 verborum
761 686 780 722 Ρ
814 683 908 735 quid
932 684 1095 735 plenius,
1123 699 1242 737 quam

122 738 230 777 omni
255 751 383 777 rerum
407 750 544 789 genere
569 738 766 776 cumulata
790 737 908 776 oratio
922 740 940 777 Ρ
980 738 1120 790 Neque
1139 739 1241 778 enim

123 792 206 831 ulla
223 805 301 831 non
319 792 471 844 propria
489 791 645 830 oratoris
664 798 720 830 est
737 804 810 841 res,
831 804 917 844 quae
940 791 1096 843 quidem
1114 801 1245 833 ornate

125 845 201 886 dici
219 846 458 897 graviterque
477 845 623 885 debeat.

182 900 260 938 IX.
290 900 424 949 Hujus
449 907 518 949 est,
545 899 586 938 in
608 898 734 938 dando
753 898 907 938 consilio
925 899 973 938 de
990 899 1169 940 maximis
1187 914 1245 940 re-

125 955 212 1003 bus,
233 966 322 992 cum
347 953 532 1004 dignitate
557 953 745 1004 explicata
771 953 981 1000 sententia;
1012 954 1181 1003 ejusdem
1207 963 1245 994 et

126 1007 343 1058 languentis
374 1007 509 1059 populi
537 1006 720 1055 incitatio,
754 1014 792 1045 et
822 1006 994 1045 effrenati
1024 1008 1244 1048 moderatio.

128 1061 280 1100 Eadem
297 1061 478 1100 facultate
503 1067 540 1100 et
557 1060 661 1099 fraus
679 1061 882 1099 hominum
900 1061 949 1098 ad
967 1061 1186 1112 perniciem,
1208 1070 1245 1101 et

129 1115 325 1166 integritas
356 1115 406 1154 ad
434 1115 611 1163 salutem,
640 1121 806 1154 vocatur.
854 1114 953 1162 Quis
984 1115 1170 1154 cohortari
1198 1117 1247 1155 ad

130 1168 311 1207 virtutem
329 1169 535 1217 ardentius,
557 1168 642 1220 quis
660 1181 684 1206 a
702 1168 801 1207 vitiis
819 1169 941 1207 acrius
959 1182 1145 1219 revocare,
1162 1171 1249 1222 quis

130 1223 356 1284 vituperare.
361 1223 554 1274 improbos
573 1222 755 1274 asperius,
775 1222 860 1273 quis
877 1222 1034 1261 laudare
1051 1224 1169 1262 bonos
1188 1237 1249 1262 or-

129 1276 270 1325 natius,
292 1276 377 1328 quis
396 1275 643 1328 cupiditatem
662 1276 765 1314 vehe
757 1276 921 1315 nentius
942 1275 1116 1338 frangere
1139 1290 1249 1316 accu-

130 1330 262 1379 sando,
291 1332 445 1381 potest?
480 1330 566 1381 quis
591 1342 790 1368 moerorem
815 1330 940 1369 levare
964 1330 1096 1369 mitius
1119 1343 1249 1370 conso-

131 1384 278 1423 lando?
309 1383 481 1422 Historia
500 1396 587 1423 vero
607 1384 710 1422 testis
728 1390 960 1435 temporum,
979 1385 1050 1422 lux
1070 1385 1249 1435 veritatis,

134 1437 212 1476 vita
229 1438 439 1486 memoriae,
458 1437 640 1488 magistra
658 1437 758 1486 vitae,
785 1437 920 1476 nuntia
944 1439 1153 1487 vetustatis,
1174 1440 1253 1491 qua

133 1503 224 1530 voce
243 1492 332 1540 alia,
353 1491 426 1530 nisi
444 1491 614 1539 oratoris,
634 1491 913 1530 immortalitati
930 1492 1218 1531 commendatur
1231 1496 1250 1532 Ρ

134 1545 241 1583 Ν3111
261 1546 293 1583 si
310 1559 388 1597 qua
407 1552 462 1584 est
481 1558 540 1583 ars
559 1545 647 1593 alia,
664 1559 751 1596 quae
764 1547 967 1584 verborum
982 1552 1049 1584 aut
1061 1546 1254 1586 faciendo-2

134 1611 224 1637 rum
243 1606 310 1637 aut
329 1599 617 1650 deligendorum
640 1599 834 1637 scientiam
859 1599 1105 1650 profiteatur;
1136 1608 1203 1638 aut
1221 1601 1253 1639 si

133 1652 339 1704 quisquam
370 1652 521 1701 dicitur,
555 1652 629 1690 nisi
661 1660 799 1701 orator,
833 1652 997 1691 formare
1028 1653 1251 1703 orationem,

136 1719 298 1758 eamque
317 1707 460 1744 variare
485 1713 522 1744 et
546 1705 777 1757 distinguere
795 1707 903 1757 quasi
922 1707 1152 1758 quibusdam
1171 1721 1254 1746 ver-

136 1761 274 1799 borum
301 1760 648 1811 sententiarumque
672 1760 908 1811 insignibus,
938 1768 1005 1798 aut
1031 1761 1062 1798 si
1080 1761 1141 1798 via
1159 1762 1252 1810 ulla,

135 1813 209 1852 nisi
241 1815 290 1852 ab
319 1814 391 1852 hac
419 1813 499 1852 11113
523 1820 616 1862 3118,
643 1813 818 1862 traditur,
845 1820 912 1851 aut
939 1821 1252 1865 argumentorum

137 1874 205 1905 aut
223 1867 510 1916 sententiarum,
527 1874 593 1904 aut
611 1867 774 1918 denique
792 1867 1050 1918 descriptionis
1065 1875 1180 1919 atque
1194 1882 1254 1907 or-

136 1921 262 1967 dinis,
251 1935 261 1945 ·
291 1921 480 1959 fateamur
498 1928 565 1959 aut
586 1921 670 1969 hoc,
699 1921 802 1972 quod
826 1921 908 1960 haec
933 1934 992 1959 ars
1016 1922 1252 1973 profiteatur,

137 1975 307 2013 alienum
340 1988 432 2023 esse,
466 1982 533 2013 aut
560 1987 649 2013 cum
676 1974 807 2026 aliqua
834 1975 910 2013 3113
937 1983 1018 2013 arte
1046 1988 1124 2013 esse
1151 1989 1255 2015 com-

138 2041 268 2068 mune.
298 2028 374 2068 Sed
393 2029 424 2066 si
441 2028 482 2067 in
500 2028 572 2067 hac
590 2041 670 2066 11113
688 2036 743 2067 est
761 2041 805 2066 ea
823 2028 918 2067 ratio
936 2035 1051 2080 atque
1069 2028 1254 2079 doctrina,

137 2094 229 2131 non,
249 2083 281 2121 si
300 2083 367 2134 qui
385 2082 547 2121 aliarum
566 2082 706 2120 artium
724 2084 821 2120 bene
838 2082 956 2120 locuti
981 2090 1084 2131 sunt,
1112 2096 1156 2121 eo
1180 2084 1253 2122 mi-

137 2148 210 2174 nus
228 2136 269 2174 id
288 2143 343 2174 est
361 2136 477 2185 hujus
495 2135 609 2175 unius
627 2136 837 2188 proprium.
880 2136 970 2184 Sed,
991 2143 1035 2174 ut
1059 2144 1184 2175 orator
1206 2137 1255 2176 de

136 2189 183 2228 iis
201 2192 327 2241 rebus,
348 2204 435 2242 quae
460 2196 680 2230 caeterarum
707 2190 847 2230 artium
873 2197 975 2241 sunt,
997 2190 1028 2233 si
1053 2190 1167 2231 modo
1192 2204 1255 2233 eas
