1407 2308
221 70 297 115 DE
317 70 610 121 ORATORE,
641 71 738 111 11113.
760 70 818 110 ΙΙ.
847 69 951 110 CAP·
973 69 1038 108 26.
1101 67 1181 107 219

84 177 253 229 primum
271 192 470 218 causarum
487 179 528 217 in
552 179 717 228 judiciis,
737 191 784 217 ex
809 175 1056 217 controversia
1079 174 1179 213 facti.

85 231 135 270 In
153 231 482 271 deliberationibus
499 233 724 283 plerumque
743 245 790 269 ex
809 231 940 279 futuri,
960 242 1042 268 raro
1067 228 1182 266 etiam

84 297 132 322 ex
144 285 316 323 instantis
329 294 394 324 aut
412 286 510 324 facti.
540 287 647 336 Saepe
662 292 788 323 autem
803 298 860 322 res
874 297 963 344 non,
979 284 1040 331 sit,
1053 293 1183 333 necne,

83 337 148 375 sed
167 339 288 389 qualis
308 339 368 387 sit,
389 339 593 390 quaeritur3
622 346 665 376 ut
684 351 771 376 cum
792 338 838 375 L.
859 337 1007 388 Opimii
1031 348 1185 374 causam

84 390 309 430 defendebat
335 393 437 444 apud
462 393 662 443 populum,
689 391 863 429 audiente
890 403 965 437 me,
989 390 1033 428 C.
1059 389 1185 427 Carbo

85 445 231 493 consul,
261 445 357 483 nihil
384 446 430 483 de
455 447 499 484 C.
530 445 690 483 Gracchi
720 457 808 482 nece
836 445 1021 494 negabam
1051 442 1115 480 sed
1143 441 1185 479 id

81 498 181 547 jure,
201 511 270 549 pro
295 500 413 537 salute
438 500 581 550 patriae,
602 498 744 536 factum
770 511 846 536 esse
871 497 1038 535 dicebat.
1068 504 1112 533 ut
1133 495 1184 534 ei-

83 550 173 588 dem
193 552 357 590 Carboni
376 553 526 590 tribuno
548 552 681 603 plebis,
702 550 774 589 alia
792 559 876 588 tum
890 558 1015 588 mente
1033 563 1185 600 rempu-

85 604 225 643 blicam
239 607 456 656 capessenti,
472 607 515 643 P.
532 606 736 643 Africanus
749 605 795 643 de
809 605 872 642 Ti.
890 604 1058 642 Graccho
1072 603 1186 641 inter-

86 659 246 708 roganti,
267 659 519 710 responderat,
532 660 617 708 jure
630 671 768 696 caesum
787 658 914 696 videri.
943 658 971 695 J
975 670 1039 694 ure
1058 664 1186 694 autem

86 711 216 748 omnia
243 711 508 760 defenduntur,
538 726 623 763 quae
651 719 738 749 sunt
763 712 842 760 ejus
870 711 1027 761 generis,
1054 717 1098 748 ut
1121 717 1188 747 aut

86 765 305 815 oportuerit,
334 773 401 803 aut
425 766 584 813 licuerit,
608 773 673 803 aut
698 778 844 803 necesse
866 764 993 812 fuerit,
1021 771 1087 801 aut
1112 764 1186 801 im-

85 817 300 868 prudentia,
320 826 386 856 aut
404 831 505 866 casu,
525 818 624 856 facta
642 832 718 856 esse
737 818 945 856 videantur.
974 817 1002 855 J
1005 830 1068 854 am
1093 816 1187 868 quid

87 878 252 919 vocetur,
268 872 462 922 quaeritur,
476 885 578 918 cum,
592 885 667 922 quo
679 873 792 909 verbo
806 871 898 923 quid
916 871 1185 922 appellandum

87 923 149 971 sit,
169 924 430 970 contenditur;
460 932 503 963 ut
520 925 616 962 mihi
634 925 706 976 ipsi
724 938 812 962 cum
836 925 908 962 hoc
927 924 1094 975 Sulpicio
1112 924 1186 961 fuit

85 976 127 1014 in
146 977 319 1016 Norbani
338 978 451 1016 causa
469 991 619 1017 summa
638 978 849 1016 contentio:
879 978 1058 1029 pleraque
1083 977 1185 1015 enim

85 1030 135 1068 de
153 1030 212 1079 iis,
234 1044 319 1082 quae
337 1033 385 1069 ab
403 1031 474 1070 isto
493 1032 777 1092 objiciebantur,
799 1044 886 1069 cum
905 1032 1111 1079 confiterer,
1131 1038 1187 1069 ta-

87 1095 177 1121 men
195 1086 243 1122 ab
261 1084 327 1122 illo
345 1086 581 1134 majestatem
598 1085 788 1122 minutam
805 1087 1015 1135 negabam.
1046 1097 1093 1122 ex
1112 1098 1188 1136 quo

87 1138 214 1185 verbo,
233 1138 316 1188 lege
328 1138 511 1189 Apuleia,
527 1145 606 1176 tota
623 1139 690 1176 illa
703 1151 815 1177 causa
827 1138 1026 1190 pendebat.
1053 1140 1188 1189 Atque

85 1189 128 1227 in
145 1190 217 1228 hoc
235 1204 369 1241 genere
387 1205 584 1230 causarum
603 1192 776 1230 nonnulli
790 1191 1027 1243 praecipiunt,
1046 1198 1091 1229 ut
1108 1204 1189 1229 ver-

87 1244 183 1282 bum
201 1244 311 1293 illud,
332 1245 435 1296 quod
452 1258 604 1283 causam
617 1245 720 1294 facit,
735 1245 859 1284 lucide
876 1245 1111 1295 breviterque
1125 1244 1189 1283 de-

87 1296 207 1334 finiat.
249 1297 366 1344 Quod
391 1299 488 1336 mihi
514 1299 669 1350 quidem
695 1311 879 1349 perquam
905 1298 1048 1350 puerile
1073 1298 1191 1336 videri

89 1350 206 1388 solet:
236 1351 310 1388 alia
327 1357 383 1389 est
407 1352 522 1401 enim,
547 1365 635 1390 cum
659 1352 756 1389 inter
781 1351 907 1389 doctos
931 1351 1116 1398 homines,
1143 1351 1191 1390 de

89 1401 136 1440 iis
153 1402 244 1454 ipsis
269 1405 380 1442 rebus
399 1418 485 1455 quae
503 1413 696 1443 versantur
716 1405 756 1441 in
781 1405 937 1454 artibus,
961 1404 1188 1454 disputatur,

89 1457 290 1494 verborum
308 1447 502 1502 definitio;
530 1465 587 1505 ut,
608 1470 695 1495 cum
714 1457 909 1517 quaeritur,
931 1457 1023 1508 quid
1041 1457 1089 1494 sit
1113 1470 1186 1518 ars,

89 1508 185 1559 quid
202 1509 250 1546 sit
266 1509 344 1557 lex,
364 1509 458 1560 quid
475 1510 523 1548 sit
540 1510 689 1549 civitas·
718 1510 758 1547 in
777 1511 916 1570 quibus
933 1510 1004 1548 hoc
1021 1510 1190 1562 praecipit

89 1561 184 1599 ratio
209 1569 321 1622 atque
338 1562 519 1611 doctrina,
538 1570 582 1601 ut
600 1563 656 1601 vis
682 1563 762 1611 ejus
787 1563 854 1611 rei,
875 1576 992 1614 quam
1017 1563 1186 1613 definias,

89 1614 143 1652 sic
161 1615 406 1666 exprimatur,
426 1624 470 1653 ut
488 1628 611 1668 neque
625 1616 722 1654 absit
740 1615 964 1668 quidquam,
985 1628 1108 1668 neque
1125 1631 1189 1655 su-

88 1667 215 1719 persit.
245 1668 361 1716 Quod
379 1669 534 1720 quidem
566 1669 605 1706 in
631 1669 699 1707 illa
723 1682 836 1707 causa
858 1682 980 1721 neque
1001 1670 1190 1721 Sulpicius

90 1720 191 1769 fecit,
211 1733 334 1772 neque
347 1735 416 1773 ego
434 1722 554 1761 facere
571 1729 724 1760 conatus
739 1736 835 1761 sum.
865 1723 985 1770 Nam,
1002 1731 1189 1774 quantum

91 1781 248 1825 uterque
261 1778 430 1818 nostrum
443 1776 580 1826 potuit,
600 1776 705 1814 omni
723 1776 830 1827 copia
843 1776 990 1815 dicendi
1005 1777 1187 1825 dilatavit,

91 1827 186 1878 quid
204 1835 297 1866 esset
307 1829 541 1877 majestatem
555 1829 735 1867 minuere.
763 1829 919 1867 Etenim
933 1829 1099 1867 definitio
1113 1831 1189 1881 pri-

91 1892 215 1928 mum,
235 1882 457 1932 reprehenso
476 1884 588 1920 verbo
606 1895 697 1930 uno,
718 1890 784 1920 aut
801 1883 942 1930 addito,
962 1893 1028 1920 aut
1046 1883 1187 1932 demto,

92 1945 190 1984 saepe
202 1941 444 1985 extorquetur
456 1948 476 1973 e
487 1936 689 1974 manibus.
719 1936 854 1973 deinde
865 1948 998 1986 genere
1012 1936 1092 1986 ipso
1103 1936 1190 1974 doc-

91 1986 230 2024 trinam
263 1987 404 2025 redolet
434 1989 810 2040 exercitationemque
838 2001 946 2039 paene
977 1989 1187 2039 puerilem·

92 2043 177 2076 tum
205 2045 242 2077 et
266 2039 307 2077 in
330 2053 482 2079 sensum
499 2049 536 2080 et
552 2042 593 2079 ιιι
610 2050 776 2080 mentem
792 2041 929 2091 judicis
953 2041 1091 2080 intrare
1113 2055 1189 2081 non

95 2098 240 2142 potest:
269 2100 355 2131 ante
373 2094 474 2133 enim
491 2095 777 2146 praeterlabitur,
798 2107 913 2146 quam
931 2102 1104 2156 percepta
1122 2103 1190 2134 est.

150 2143 309 2184 XXVI.
338 2146 440 2186 Sed
429 2160 470 2187 ιιι
494 2160 537 2187 eo
555 2161 703 2199 genere,
723 2148 763 2188 in
781 2160 872 2200 quo,
891 2149 1003 2199 quale
1020 2149 1068 2187 sit
1086 2149 1192 2201 quid,
