1429 2344
148 103 226 142 414
268 100 346 141 DE
367 98 573 140 CLARIS
593 95 982 147 ORATORIBUS,
999 94 1104 137 CAP.
1117 91 1182 136 63.

149 224 233 249 mos
252 209 409 260 cognovi
428 206 655 245 turbulentis
674 205 914 244 concionibus
929 219 939 242 :
969 218 1046 256 quo
1063 205 1104 242 in
1123 216 1259 256 genere

150 268 214 307 (ut
245 263 285 300 in
317 265 362 300 iis
391 263 610 313 perturbem
640 266 797 297 aetatum
834 258 1022 306 ordinem)
1054 270 1176 310 nuper
1208 258 1263 296 Iu

149 317 337 365 Quintius
355 316 430 354 fuit
443 329 454 360 ς
485 315 606 365 aptior
617 321 745 351 autem
760 313 874 350 etiam
890 312 1091 350 Palicanus
1105 312 1264 350 auribus

150 371 425 421 imperitorum.
455 369 522 415 Et,
539 367 721 419 quoniam
739 366 1018 416 hujus-generis
1036 366 1135 404 facta
1152 377 1262 403 men-

152 425 206 461 tio
226 432 294 471 est,
310 423 569 462 seditiosorum
582 421 755 458 omnium
767 427 851 470 post
864 419 1067 465 Gracchos,
1084 419 1131 456 L.
1147 421 1264 469 Apu-

151 478 248 515 leius
282 476 509 515 Saturninus
542 474 869 525 eloquentissimus
899 472 1001 511 visus
1028 480 1110 518 est,
1139 471 1262 522 magis

153 531 275 582 specie
293 538 436 577 tamen,
457 536 493 567 et
518 536 641 574 motu,
662 535 775 578 atque
801 527 882 577 ipso
909 526 1064 574 amictu,
1092 525 1264 576 capiebat

153 585 340 631 homines,
363 596 479 635 quam
505 589 572 620 aut
596 581 745 619 dicendi
769 581 891 631 copia,
918 587 985 617 aut
1009 579 1266 617 mediocritate

154 638 378 690 prudentiae.
420 637 554 687 Longe
579 642 721 682 autem,
749 642 834 685 post
858 641 965 671 natos
985 633 1173 679 homines,
1192 632 1267 669 im-

156 692 404 743 probissimus
433 691 476 728 C.
507 689 687 727 Servilius
717 688 891 737 Glaucia,
912 687 977 725 sed
1004 693 1205 738 peracutus
1232 692 1271 723 et

159 745 332 792 callidus,
350 758 438 782 cum
455 743 665 795 primisque
683 742 876 779 ridiculus.
920 741 975 788 Is,
992 754 1039 778 ex
1054 739 1214 778 summis
1233 745 1271 777 et

159 799 322 837 fortunae
348 806 385 836 et
410 799 497 836 vitae
524 796 709 843 sordibus,
736 795 777 832 in
802 794 969 846 praetura
993 794 1125 832 consul
1149 793 1271 831 factus

160 860 269 899 esset,
291 852 321 890 si
340 852 525 889 rationem
545 851 625 899 ejus
639 849 770 887 haberi
788 849 899 886 licere
913 848 1129 898 judicatum
1148 853 1243 885 esset
1255 860 1267 884 τ

160 919 252 944 nam
273 913 309 943 et
326 906 478 956 plebem
497 906 662 951 tenebat,
684 910 721 941 et
739 910 949 953 equestrem
968 901 1139 939 ordinem
1156 902 1272 938 bene-

163 960 247 998 ficio
265 960 360 1009 legis
379 959 609 997 devinxerat.
641 957 680 995 Is
698 964 849 1007 praetor,
871 955 1002 994 eodem
1021 954 1096 1003 die,
1111 967 1189 1006 quo
1203 954 1273 992 Sa-

161 1013 339 1051 turninus
352 1013 527 1050 tribunus
545 1011 680 1062 plebis,
697 1010 826 1047 Mario
839 1017 875 1047 et
890 1010 1026 1047 Flacco
1040 1007 1272 1055 consulibus,

166 1066 358 1118 [publice]
386 1077 441 1104 est
458 1065 699 1109 interfectus;
730 1064 846 1101 homo
874 1063 1091 1101 simillimus
1108 1061 1274 1099 Atheni-

164 1121 262 1158 ensis
283 1119 511 1171 Hyperboli,
539 1119 646 1168 eujus
665 1117 948 1168 improbitatem
966 1123 1107 1155 veteres
1124 1114 1276 1153 Attico-

166 1187 255 1212 rum
274 1173 466 1211 comoediae
484 1178 721 1210 notaverunt.

221 1228 331 1275 Quos
351 1228 437 1265 Sex.
458 1226 587 1263 Titius
605 1231 841 1271 consecutus,
861 1224 977 1262 homo
1000 1224 1144 1274 loquax
1169 1234 1273 1269 sane,

169 1289 206 1320 et
226 1282 313 1319 satis
333 1288 479 1329 acutus,
507 1279 571 1317 sed
596 1286 676 1316 tam
702 1279 846 1316 solutus
874 1284 911 1315 et
933 1277 1060 1315 mollis
1082 1277 1123 1314 in
1150 1283 1273 1327 gestu,

169 1342 215 1373 ut
234 1334 381 1372 saltatio
404 1333 580 1385 quaedam
606 1339 832 1378 nasceretur,
859 1331 920 1369 cui
944 1329 1133 1369 saltationi
1152 1329 1280 1367 Titius

171 1401 312 1426 nomen
332 1395 437 1425 esset.
480 1387 542 1424 Ita
560 1386 771 1424 cavendum
797 1392 865 1432 est,
892 1397 940 1422 ne
965 1384 1059 1435 quid
1076 1383 1117 1421 in
1135 1382 1282 1434 agendo

172 1442 377 1480 dicendove
391 1441 519 1487 facias,
541 1441 649 1489 cujus
667 1438 829 1476 imitatio
851 1438 1028 1476 rideatur.

227 1495 390 1533 LXIII.
420 1494 495 1532 Sed
520 1494 568 1531 ad
593 1494 707 1544 paulo
727 1492 956 1543 superiorem
977 1498 1126 1529 aetatem
1144 1489 1282 1529 revecti

173 1562 307 1587 sumus
325 1563 334 1586 ε
366 1561 468 1586 nunc
483 1548 531 1585 ad
550 1560 648 1595 eam,
665 1547 712 1584 de
731 1546 808 1597 qu‘a
821 1545 1066 1597 aliquantum
1084 1544 1201 1583 locuti
1220 1557 1283 1582 su-

173 1616 275 1651 mus,
296 1609 539 1640 revertamur.

230 1656 466 1705 Conjunctus
485 1655 601 1705 igitur
620 1653 779 1705 Sulpicii
798 1653 898 1692 aetati
917 1653 963 1691 P.
983 1652 1177 1691 Antistius
1195 1651 1283 1699 fuit,

175 1710 310 1748 rabula
347 1722 436 1746 sane
467 1708 686 1760 probabilis,
719 1708 785 1759 qui
812 1708 953 1745 multos
983 1719 1072 1745 curn
1108 1705 1284 1744 tacuisset

175 1776 309 1811 annos,
329 1775 454 1814 neque
472 1762 663 1800 contemni
681 1763 819 1810 solum,
840 1761 905 1799 sed
922 1759 1068 1798 irrideri
1087 1759 1200 1797 etiam
1227 1772 1285 1797 so-

176 1818 268 1855 litus
287 1823 394 1863 esset,
408 1817 448 1853 in
466 1816 663 1853 tribunatu
677 1815 846 1866 primum
860 1821 988 1852 contra
1003 1813 1046 1852 C.
1063 1813 1092 1850 J
1094 1813 1164 1850 ulii
1176 1813 1284 1850 illam

176 1871 391 1909 consulatcxs
418 1869 637 1920 petitionem
666 1868 1016 1916 extraordinariam,
1045 1879 1172 1905 veram
1195 1879 1285 1903 cau-

175 1937 259 1963 sam
274 1937 403 1974 agens,
420 1930 474 1961 est
487 1924 667 1974 probatus
682 1936 692 1967 3
723 1930 760 1960 et
774 1935 817 1960 eo
828 1921 963 1971 magis,
981 1919 1097 1972 quod,
1112 1919 1286 1957 eamdem

180 1990 333 2016 causam
353 1990 441 2014 cum
460 1983 586 2027 ageret
612 1977 692 2024 ejus
718 1977 861 2025 collega
885 1975 950 2012 ille
974 1974 1054 2025 ipse
1080 1973 1286 2025 Sulpicius,

174 2032 242 2069 hic
256 2031 368 2082 plura
380 2038 416 2068 et
430 2031 596 2068 acutiora
614 2029 772 2067 dicebat.
803 2029 940 2079 Itaque
953 2035 1039 2079 post
1051 2027 1289 2064 tribunatum

182 2085 308 2136 primo
326 2085 459 2122 multae
478 2083 526 2121 ad
546 2096 635 2121 eum
650 2096 784 2130 causae,
800 2082 936 2120 deinde
951 2093 1096 2127 omnes,
1111 2080 1293 2118 maximae

182 2151 436 2189 quaecumque
450 2145 568 2183 erant,
586 2137 862 2175 deferebantur.
891 2136 992 2173 Rem
1007 2134 1158 2172 videbat
1172 2140 1295 2181 acute,

173 2194 437 2242 *componebat
458 2191 678 2242 diligente13
699 2190 883 2231 memoria
896 2190 1068 2230 valebat:
1090 2187 1211 2227 verbis
1225 2199 1301 2226 non
