1407 2308
237 42 314 111 nn
342 72 635 123 οΒΑΤοΒΕ,
664 75 763 114 LIB.
785 74 818 113 1.
849 74 951 114 οη.
967 73 1031 112 31.
1117 73 1192 110 155

92 177 276 227 cognoris.
323 178 467 229 Quare,
505 183 685 233 quoniam
721 182 817 220 mihi
849 181 968 221 levius
1000 178 1191 232 quoddam

92 241 189 268 onus
206 231 414 284 imponitis,
434 247 556 286 neque
575 249 621 274 ex
640 249 702 274 me
720 237 766 274 de
785 236 938 274 oratoris
958 241 1048 282 arte,
1069 232 1133 271 sed
1147 232 1194 269 de

91 281 164 321 hac
194 286 294 334 mea,
329 289 694 340 (quantulacumque
719 297 789 337 est)
816 289 993 327 facultate
1011 285 1191 338 quaeritis,

92 347 280 388 exponam
310 341 415 379 vobis
444 343 665 392 quamdam,
685 356 761 381 non
791 349 858 380 aut
879 340 1190 393 perreconditam,

93 396 161 427 aut
190 392 298 431 valde
327 394 532 441 difficilem,
563 404 630 433 aut
657 397 913 447 magnificam,
945 402 1012 433 aut
1039 405 1192 444 gravem

93 443 277 483 rationem
303 449 581 487 consuetudinis
606 463 715 497 meae,
743 450 820 500 qua
844 449 1036 500 quondam
1063 446 1194 484 solitus

93 509 180 534 sum
199 499 269 548 uti,
297 513 384 539 cum
403 502 499 539 mihi
522 503 560 539 in
586 503 656 541 isto
676 504 799 541 studio
818 502 954 540 versari
973 499 1195 539 adolescenti

93 549 242 590 licebat.
285 554 392 592 Turn
418 556 622 606 Sulpicius,
643 557 681 595 O
707 557 822 603 diem,
844 556 968 602 Cotta,
989 553 1110 601 nobis,
1135 553 1195 589 in-

93 604 192 654 quit,
211 613 384 656 optatum
400 608 409 645 !
436 609 538 659 quod
557 610 658 647 enim
677 623 799 661 neque
817 609 989 660 precibus
1008 618 1194 658 unquam,

93 669 163 695 nec
187 658 412 709 insidiando,
439 674 507 700 nec
534 663 773 714 speculando,
801 662 948 713 assequi
972 661 1092 711 potui,
1121 662 1194 706 (ut,

95 711 189 760 quid
215 712 370 752 Crassus
395 724 534 765 ageret,
561 716 768 754 meditandi
797 723 864 754 aut
893 714 1039 753 dicendi
1068 712 1194 759 causa,

94 775 171 802 non
191 766 304 804 modo
323 767 447 806 videre
465 769 574 817 mihi,
595 770 658 808 sed
684 782 730 807 ex
756 771 836 818 ejus
861 769 1037 819 scriptore
1062 775 1098 804 et
1122 767 1196 803 lec-

96 823 176 856 tore
201 818 361 870 Diphilo
385 822 578 873 suspicari,
604 823 746 870 liceret)
766 823 805 860 id
824 835 931 873 spero
949 833 1017 859 nos
1036 833 1112 858 esse
1131 819 1196 856 ad-

95 879 214 932 eptos,
243 874 446 926 omniaque
474 876 555 924 jam
588 889 636 914 ex
667 875 763 927 ipso,
797 889 883 927 quae
912 875 978 912 diu
1006 874 1195 924 cupimus,

95 934 320 974 cognituros.

148 977 310 1017 XXXI.
339 981 446 1019 Tum
476 982 647 1031 Crassus,
678 982 805 1034 Atqui
834 982 1006 1029 arbitror,
1037 979 1195 1030 Sulpici,

96 1043 186 1069 cum
213 1034 388 1083 audieris,
414 1047 490 1073 non
516 1044 595 1074 tam
621 1043 657 1074 te
685 1037 766 1074 haec
790 1036 1079 1080 admiraturum,
1112 1046 1198 1084 quae

92 1084 239 1134 dixero,
269 1100 386 1138 quam
415 1089 733 1137 existimaturum,
759 1097 858 1137 tum,
885 1102 974 1127 cum
1000 1101 1043 1125 ea
1067 1087 1197 1124 audire

95 1139 286 1189 cupiebas,
316 1154 482 1189 causam,
511 1155 578 1181 cur
608 1155 774 1194 cuperes,
804 1155 880 1180 non
911 1142 1038 1179 fuisse.
1085 1140 1196 1177 Nihil

97 1192 199 1230 enim
225 1193 348 1232 dicam
374 1196 622 1244 reconditum,
652 1197 747 1234 nihil
773 1195 1047 1246 exspectatione
1075 1193 1198 1231 vestra

97 1245 272 1296 dignum,
301 1248 397 1286 nihil
429 1257 496 1287 aut
523 1250 739 1288 inauditum
772 1250 891 1296 vobis,
921 1256 986 1286 aut
1017 1247 1195 1297 cuiquam

96 1310 252 1338 novum.
294 1301 400 1339 Nam
419 1303 603 1354 principio
621 1303 732 1351 illud,
752 1303 854 1354 quod
882 1309 936 1340 est
959 1300 1113 1345 homine
1137 1300 1198 1336 in-

96 1365 222 1402 genuo
249 1354 526 1407 liberaliterque
558 1356 714 1394 educato
744 1356 918 1406 dignum,
948 1367 1024 1392 non
1051 1355 1197 1403 negabo

97 1417 160 1442 me
184 1406 256 1444 ista
282 1409 455 1446 omnium
473 1410 690 1447 communia
709 1416 745 1446 et
763 1409 921 1446 contrita
938 1414 1123 1459 praecepta
1140 1406 1198 1442 di-

97 1457 253 1497 dicisse:
282 1461 465 1511 primum,
495 1463 649 1500 oratoris
682 1462 847 1500 officium
877 1474 968 1509 esse,
997 1461 1117 1498 dicere
1149 1459 1199 1496 ad

98 1513 402 1562 persuadendum
430 1516 732 1554 accommodate:
763 1515 909 1563 deinde,
939 1527 1016 1552 esse
1045 1525 1196 1551 omnem

98 1566 307 1605 orationem
332 1575 399 1606 aut
422 1569 470 1607 de
494 1569 651 1607 infinitae
669 1570 722 1607 rei
741 1569 959 1620 quaestione,
980 1568 1059 1605 sine
1077 1566 1199 1616 desig-

99 1619 251 1658 natione
274 1634 520 1672 personarum
543 1630 580 1661 et
599 1630 838 1673 temporum3
868 1629 934 1659 aut
959 1621 1004 1658 de
1029 1633 1068 1658 re
1093 1619 1200 1658 certis

97 1671 138 1709 in
157 1675 323 1723 personis
342 1688 385 1713 ac
403 1676 634 1727 temporibus
652 1676 785 1714 locata.
826 1676 874 1713 In
893 1675 1054 1725 utraque
1072 1680 1197 1710 autem

97 1738 140 1764 re
157 1727 344 1779 quidquid
361 1729 401 1766 in
420 1730 707 1768 controversiam
726 1730 864 1776 veniat,
883 1728 923 1765 in
942 1740 985 1765 eo
1004 1727 1123 1778 quaeri
1141 1739 1201 1764 so·

97 1779 189 1828 lere,
218 1790 285 1819 aut
302 1781 494 1821 factumne
519 1783 579 1831 sit,
607 1790 686 1831 aut,
707 1783 737 1820 si
756 1790 810 1821 est
828 1783 984 1829 factum,
1006 1780 1118 1832 quale
1136 1780 1197 1825 sit,

99 1841 166 1870 aut
191 1834 304 1872 etiam
329 1849 406 1887 quo
433 1837 588 1874 nomine
613 1844 776 1884 vocetur,
797 1844 864 1874 aut
882 1834 1001 1886 (quod
1025 1833 1200 1871 nonnulli

98 1886 261 1935 addunt)
280 1896 425 1927 rectene
442 1890 585 1928 factum
604 1903 681 1928 esse
700 1890 880 1928 videatur.
922 1887 1113 1926 Exsistere
1132 1898 1201 1922 au-

99 1946 179 1978 tem
197 1943 462 1981 controversias
481 1944 594 1981 etiam
614 1956 660 1981 ex
679 1944 806 1994 scripti
823 1941 1141 1992 interpretatione,
1153 1939 1201 1998 ‘in

100 2006 179 2044 quo
203 2002 271 2032 aut
293 1996 471 2047 ambigue
497 1997 590 2048 quid
615 1997 662 2034 sit
686 1997 881 2047 scriptum,
912 2003 979 2033 aut
1003 1999 1199 2039 contrane,

99 2054 169 2084 aut
185 2047 239 2086 ita
255 2055 300 2087 ut
316 2062 340 2087 a
357 2051 541 2088 sententia
565 2050 746 2102 scriptum
768 2049 967 2093 dissideam
996 2046 1055 2084 his
1073 2052 1200 2083 autem

99 2100 277 2140 omnibus
301 2103 471 2154 partibus
489 2105 658 2153 subjecta
681 2103 856 2155 quaedam
883 2114 960 2140 esse
978 2105 1202 2150 argumenta

101 2153 263 2205 propria·
314 2156 389 2196 Sed
417 2168 631 2206 causarum,
651 2171 738 2209 quae
756 2157 830 2196 sint
847 2169 870 2195 a
888 2153 1081 2194 communi
1099 2164 1202 2204 quae-
