1407 2324
196 64 273 103 DE
293 63 496 104 CLARIS
516 62 901 113 ORATORIBUS,
918 63 1022 102 Cu.
1038 65 1102 102 35.
1123 66 1202 104 389

111 171 249 222 potius,
269 182 375 221 paene
393 170 559 208 Graecus.
615 170 784 221 Loquor,
800 177 844 208 ut
854 170 1012 220 opinor;
1041 169 1106 208 sed
1123 170 1213 209 licet

111 237 158 262 ex
177 224 405 262 orationibus
419 223 598 273 judicare.
628 223 719 261 Fuit
737 231 864 261 autem
882 223 1047 261 Athenis
1065 223 1210 262 adoles-

113 289 226 321 cens;
255 276 438 326 perfectus
463 276 674 327 Epicureus
698 284 875 325 evaserat,
901 276 1058 314 minime
1077 283 1210 327 aptum

113 329 162 367 ad
180 329 381 368 dicendum
399 341 529 379 genus.

167 382 260 420 Jam
279 382 329 429 Q.
354 382 526 428 Catulus,
548 394 623 419 non
652 382 807 432 antiquo
825 382 891 420 illo
917 394 1035 429 more,
1056 382 1121 419 sed
1138 382 1210 421 hoc

114 442 242 473 nostro
266 435 354 475 (nisi
386 435 478 486 quid
510 435 589 472 fieri
622 443 742 485 potest
773 435 986 485 perfectius)
1017 435 1210 481 eruditus,
1198 449 1209 459 ·

116 488 248 525 multae
265 489 395 536 literae,
415 500 578 548 summa,
599 500 674 524 non
694 488 779 524 vitae
793 488 915 524 solum
927 495 1040 538 atque
1053 496 1211 537 naturae,

116 541 181 579 sed
212 541 387 579 orationis
419 541 546 601 etia-m,
581 541 762 587 comitas;
791 541 1007 590 incorrupta
1037 541 1213 591 quaedam

119 594 248 631 Latini
280 594 459 631 sermonis
488 594 706 643 integritas3
749 607 834 644 quae
861 593 1020 643 perspici
1047 606 1134 630 cum
1165 607 1212 631 ex

117 647 346 684 orationibus
375 647 455 694 ejus
480 653 613 696 potest,
645 654 728 683 tum
753 646 930 684 facillime
959 659 1003 683 ex
1034 659 1077 683 eo
1102 647 1213 693 libro,

120 712 249 750 quem,
277 699 323 736 de
345 700 539 737 consulatu
560 706 596 736 et
614 699 660 736 de
678 700 788 737 rebus
806 700 919 749 gestis
937 699 1012 739 suis
1031 699 1216 749 conscrip-

120 761 203 790 tum
222 753 327 789 molli
342 760 378 790 et
395 752 670 802 Xenophonteo
689 764 822 802 genere
840 752 1032 799 sermonis,
1052 752 1155 789 misit
1168 752 1216 790 ad

120 805 173 842 A.
207 805 368 842 Furium
398 809 564 855 poetam,
594 805 819 842 familiarem
849 818 986 850 suum;
1027 805 1093 855 qui
1123 806 1218 842 liber

121 858 240 895 nihilo
258 859 379 895 notior
397 865 464 904 est,
486 871 602 908 quam
620 858 677 895 illi
695 864 782 906 tres,
802 858 848 895 de
866 859 1004 909 quibus
1022 865 1107 895 ante
1122 858 1216 906 dixi,

120 911 250 949 Scauri
267 911 366 948 libri.

174 964 280 1001 Tum
300 964 457 1010 Brutus,
471 962 575 1000 Mihi
593 963 748 1014 quidem
766 976 834 1001 nec
851 964 920 1001 iste
937 971 1048 1002 notus
1067 972 1134 1011 est,
1149 976 1218 1002 nec

121 1016 201 1054 illi:
231 1017 294 1054 sed
313 1029 380 1053 nee
397 1029 482 1053 mea
499 1017 611 1066 culpa
625 1024 678 1054 est
694 1030 706 1061 ς
736 1029 934 1068 nunquam
956 1018 1056 1054 enim
1078 1017 1118 1054 in
1137 1030 1218 1054 ma-

122 1082 194 1107 nus
212 1069 433 1107 inciderunt.
463 1069 503 1106 N
507 1082 580 1106 unc
598 1078 726 1107 autem
745 1077 781 1107 et
800 1083 822 1106 a
839 1078 875 1107 te
894 1082 1056 1116 sumam,
1077 1077 1113 1107 et
1132 1083 1220 1107 con-

121 1123 270 1173 quiram
288 1122 359 1160 ista
375 1121 530 1173 posthac
548 1123 739 1160 curiosius.
786 1122 878 1160 Fuit
890 1123 1006 1173 igitur
1023 1124 1063 1160 in
1083 1123 1220 1160 Catulo

122 1188 243 1213 sermo
262 1175 447 1220 Latinus3
477 1188 563 1225 quae
586 1176 669 1213 laus
688 1175 835 1213 dicendi
856 1188 932 1214 non
951 1176 1146 1213 mediocris
1171 1178 1219 1214 ab

121 1229 330 1267 oratoribus
347 1228 534 1279 plerisque
548 1229 717 1279 neglecta
731 1235 786 1266 est
802 1242 812 1265 ε
841 1241 931 1266 nam
946 1229 992 1266 de
1004 1241 1094 1266 sono
1105 1229 1219 1276 vocis,

123 1289 161 1319 et
171 1282 352 1320 suavitate
363 1281 673 1331 appellandarum
685 1280 893 1329 literarum,
907 1282 1085 1332 quoniam
1098 1281 1220 1319 filium

124 1334 342 1384 cognovisti,
370 1334 449 1371 noli
467 1342 678 1384 exspectare
696 1334 789 1384 quid
807 1334 953 1372 dicam:
985 1347 1217 1385 quamquam

123 1388 224 1426 filius
243 1387 397 1438 quidem
415 1399 490 1424 non
508 1386 581 1424 fuit
599 1387 638 1423 in
657 1394 847 1424 oratorum
865 1399 1049 1432 numero;
1070 1388 1135 1425 sed
1146 1400 1222 1425 non

123 1441 251 1478 deerat
268 1440 302 1478 ei
320 1446 461 1488 tamen,
480 1439 520 1476 in
539 1439 722 1477 sententia
743 1439 914 1486 dicenda,
942 1453 1029 1478 cum
1057 1440 1222 1490 pruden-

123 1494 190 1541 tia,
229 1500 312 1531 tum
348 1493 497 1542 elegans
529 1492 720 1543 quoddam
753 1500 789 1530 et
820 1493 1010 1531 eruditum
1047 1494 1223 1532 orationis

124 1559 255 1597 genus.
289 1546 329 1583 N
333 1558 373 1583 ec
403 1546 555 1583 habitus
584 1552 639 1583 est
667 1553 794 1583 tamen
824 1553 930 1596 pater
957 1547 1037 1596 ipse
1064 1546 1224 1585 Catulus

122 1600 294 1650 princeps
312 1599 352 1636 in
374 1611 532 1636 numero
553 1605 821 1649 patronorum:
851 1599 916 1637 sed
938 1606 1017 1636 erat
1040 1599 1140 1648 talis,
1166 1606 1223 1648 ut,

124 1665 213 1690 cum
246 1652 429 1703 quosdam
461 1652 622 1699 audires,
655 1652 723 1702 qui
748 1659 833 1689 tum
861 1659 966 1690 erant
992 1659 1225 1702 praestantes,

123 1705 312 1743 videretur
330 1718 408 1743 esse
431 1704 609 1742 inferior:
640 1717 727 1742 cum
753 1712 881 1743 autem
907 1706 1034 1756 ipsum
1063 1706 1225 1752 audires,

127 1758 207 1796 sine
239 1758 528 1808 comparatione,
562 1770 638 1795 non
663 1758 777 1797 modo
803 1766 998 1796 contentus
1025 1771 1135 1808 esses,
1163 1758 1227 1796 sed

126 1811 262 1849 melius
280 1824 355 1849 non
375 1824 570 1862 quaereres.

179 1863 231 1911 Q.
261 1864 443 1902 Metellus
469 1864 712 1913 Numidicus,
733 1870 770 1902 et
788 1865 869 1913 ejus
887 1865 1029 1914 collega
1048 1863 1108 1901 M.
1130 1864 1228 1902 Sila-

125 1929 212 1965 nus,
232 1917 405 1955 dicebant
427 1917 474 1955 de
498 1917 704 1968 republica,
725 1918 827 1969 quod
856 1924 950 1955 esset
976 1917 1051 1954 illis
1079 1917 1167 1954 viris
1192 1923 1230 1954 et

126 1970 314 2008 consulari
330 1970 505 2020 dignitati
523 1972 622 2009 satis.
665 1971 725 2008 M.
753 1970 936 2008 Aurelius
963 1970 1124 2008 Scaurus
1150 1981 1228 2006 non

129 2035 228 2073 saepe
246 2023 405 2071 dicebat,
426 2023 490 2061 sed
508 2024 651 2074 polite;
682 2023 819 2061 Latine
844 2035 931 2061 vero
956 2022 996 2060 in
1022 2023 1154 2073 primis
1177 2029 1231 2060 est

127 2075 314 2125 eleganter
339 2077 498 2114 locutus.
541 2077 641 2125 Quae
665 2077 748 2114 laus
775 2075 905 2114 eadem
932 2075 973 2113 in
998 2076 1051 2113 A.
1077 2075 1225 2113 Albino

126 2129 221 2166 benc
246 2128 424 2180 loquendi
450 2129 535 2169 fuit.
583 2131 687 2168 Nam
711 2130 848 2168 flamen
867 2128 1036 2168 Albinus
1054 2128 1169 2167 etiam
1187 2128 1227 2166 in

791 2183 815 2218 2
838 2193 862 2219 L
884 2184 908 2220 3
