1407 2324
220 74 297 114 DE
316 74 609 125 ORATORE,
639 75 738 114 Lm.
759 74 841 114 ΙΙΙ.
868 74 972 114 CAP.
988 74 1052 112 24.
1108 71 1187 110 315

96 193 213 232 quam
239 182 407 220 maxime
435 182 618 232 jucunda,
651 195 769 234 quam
800 181 968 220 maxime
995 180 1034 218 in
1063 191 1192 217 sensus

96 246 242 283 eorum,
262 235 329 286 qui
347 235 520 283 audiunt,
538 235 686 283 influat,
706 243 743 274 et
761 233 1051 287 quamplurimis
1069 232 1116 271 sit
1134 244 1194 269 re-

97 288 167 325 bus
181 287 372 326 instructa.
413 289 716 327 Instrumentum
736 297 863 326 autem
881 289 951 326 hoc
969 287 1126 333 forense,
1146 284 1195 322 li-

97 339 290 390 tigiosum,
318 354 415 389 acre,
442 349 602 380 tractum
628 355 675 380 ex
701 343 806 392 vulgi
833 340 1084 392 opinionibus,
1114 337 1195 376 exi-

96 406 218 443 guum
233 406 320 432 sane
334 401 447 444 atque
460 395 676 433 mendicum
691 403 756 433 est.
787 395 891 432 Illud
910 406 1036 431 rursus
1050 392 1191 443 ipsum,

98 446 201 496 quod
226 447 380 485 tradunt
397 448 471 495 isti,
492 448 558 499 qui
576 449 798 499 profitentur
822 461 859 485 se
884 446 1030 484 dicendi
1054 444 1194 494 magis-

97 505 186 546 tros,
215 512 291 537 non
310 501 477 538 multum
496 509 551 539 est
569 503 708 550 majus,
729 514 844 552 quam
863 500 959 538 illud
978 499 1132 548 vulgare
1150 509 1194 535 ac

97 551 253 590 forense.
281 553 483 604 Apparatu
499 555 604 592 nobis
623 568 717 605 opus
736 562 803 601 est,
824 562 860 591 et
874 555 984 591 rebus
998 550 1194 602 exquisitis

97 604 266 656 undique
291 614 327 643 et
352 607 527 654 collectis,
555 608 746 655 arcessitis,
774 606 1027 657 comportatis,
1047 612 1090 641 ut
1109 603 1192 651 tibi,

98 657 237 705 Caesar,
253 659 467 697 faciendum
487 667 540 698 est
555 661 602 698 ad
621 673 763 697 annum
779 674 790 705 3
812 668 854 697 ut
873 672 941 710 ego
959 659 998 695 in
1019 656 1195 695 aedilitate

97 710 277 758 laboravi,
299 713 401 763 quod
419 713 646 764 quotidianis
672 721 708 751 et
733 713 940 750 vernaculis
958 713 1069 749 rebus
1088 709 1194 748 satis-

97 763 216 802 facere
233 777 295 802 me
313 778 419 815 posse
436 766 524 804 huic
542 767 682 817 populo
700 779 775 804 non
794 768 988 817 putabam.

150 817 365 855 Verborum
380 819 651 869 eligendorum,
673 827 709 857 et
722 819 1038 865 collocandorum,
1055 822 1092 854 et
1105 827 1194 853 con-

95 869 381 919 cludendorum,
409 872 528 910 facilis
555 880 609 910 est
634 873 692 910 vel
718 873 826 920 ratio,
847 872 919 919 vel,
940 871 1018 909 sine
1036 869 1193 917 ratione,

96 922 178 973 ipsa
197 924 419 962 exercitatio.
450 926 596 962 Rerum
615 932 670 963 est
688 926 780 963 silva
797 937 951 975 magna,
972 936 1088 975 quam
1104 935 1192 960 cum

95 976 217 1020 Graeci
228 978 309 1025 jam
324 989 399 1015 non
414 984 594 1026 tenerent,
610 981 658 1016 ob
673 991 831 1029 eamque
846 990 996 1015 causam
1013 977 1193 1024 juventus

94 1036 221 1066 nostra
248 1029 449 1069 dedisceret
477 1044 585 1082 paene
614 1031 802 1079 discendo,
836 1031 950 1069 etiam
980 1029 1111 1067 Latini
1144 1027 1193 1071 (si

94 1081 181 1119 Diis
196 1083 332 1133 placet)
347 1083 419 1122 hoc
432 1084 583 1123 biennio
597 1085 767 1135 magistri
781 1084 928 1122 dicendi
942 1083 1164 1121 exstiterunt
1177 1094 1190 1126 ;

93 1147 187 1185 quos
206 1148 274 1186 ego
293 1149 420 1175 censor
438 1137 557 1176 edicto
575 1150 659 1175 meo
674 1138 897 1176 sustuleram
912 1150 923 1182 ς
944 1149 1020 1174 non
1035 1148 1111 1186 quo
1131 1137 1192 1177 (ut

92 1188 215 1226 nescio
239 1202 333 1240 quos
357 1190 478 1228 dicere
503 1191 668 1238 aiebant)
695 1191 779 1229 acui
803 1189 955 1240 ingenia
980 1189 1193 1226 adolescen-

92 1240 190 1279 tium
203 1243 358 1290 nollem,
374 1243 452 1290 sed,
468 1251 610 1291 contra,
630 1244 780 1294 ingenia
798 1242 958 1281 obtundi
975 1241 1094 1288 nolui,
1111 1253 1192 1278 cor-

90 1295 256 1332 roborari
273 1295 560 1346 impudentiam.
590 1297 710 1343 Nam,
726 1296 829 1347 apud
844 1296 994 1333 Graecos
1008 1294 1075 1344 qui
1090 1294 1192 1342 ejus-

92 1347 197 1384 modi
214 1356 348 1395 essent,
368 1348 542 1387 videbam
561 1356 688 1387 tamen
708 1363 798 1396 esse,
818 1355 952 1399 praeter
969 1348 1067 1384 hanc
1086 1359 1192 1384 exer-

89 1399 304 1438 citationem
327 1401 482 1451 linguae,
503 1402 711 1440 doctrinam
729 1402 896 1452 aliquam
917 1408 953 1438 et
973 1399 1192 1437 humanita-

90 1458 168 1490 tem
187 1452 343 1504 dignam
361 1455 538 1492 scientia:
558 1454 626 1492 hos
644 1468 731 1493 vero
749 1468 864 1493 novos
881 1453 1079 1504 magistros
1093 1452 1190 1489 nihil

89 1505 347 1556 intelligebam
372 1520 479 1558 posse
503 1507 646 1556 docere,
674 1508 746 1546 nisi
770 1514 814 1545 ut
838 1507 1042 1551 auderent3
1071 1505 1189 1556 quod,

91 1558 205 1598 etiam
223 1572 311 1597 cum
325 1561 431 1599 bonis
446 1562 556 1600 rebus
575 1562 833 1610 conjunctum,
849 1574 915 1612 per
933 1573 971 1598 se
988 1560 1115 1610 ipsum
1135 1565 1190 1596 est

89 1622 318 1663 magnopere
335 1613 571 1664 fugiendum.
614 1615 701 1652 Hoc
719 1627 806 1652 cum
825 1626 947 1651 unum
965 1612 1188 1660 traderetur,

90 1670 128 1702 et
141 1677 228 1702 cum
246 1666 491 1717 impudentiae
508 1667 621 1705 ludus
641 1675 746 1715 esset,
766 1667 898 1718 putavi
917 1679 994 1704 esse
1012 1664 1186 1713 censoris,

89 1729 138 1755 ne
155 1718 304 1770 longius
328 1719 369 1757 id
393 1727 567 1771 serperet,
593 1720 797 1771 providere.
837 1720 1085 1769 Quamquam
1111 1730 1189 1755 non

87 1769 168 1809 haec
185 1772 237 1810 ita
248 1779 370 1810 statuo
384 1780 497 1824 atque
511 1773 682 1821 decerno,
695 1781 739 1811 ut
752 1773 959 1824 desperem,
974 1771 1110 1809 Latine
1129 1783 1187 1817 ea,

88 1822 135 1861 de
154 1824 291 1875 quibus
313 1825 601 1877 disputavimus,
628 1826 724 1864 tradi
749 1839 792 1864 ac
816 1825 1017 1877 perpoliriz
1046 1823 1189 1874 patitur

87 1876 188 1914 enim
203 1884 239 1915 et
252 1878 384 1929 lingua
397 1886 535 1927 nostra,
551 1887 588 1917 et
601 1886 735 1917 natura
748 1892 888 1926 rerum,
905 1885 1065 1917 veterem
1081 1876 1189 1913 illam

89 1930 410 1983 excellentemque
433 1933 674 1984 prudentiam
701 1933 920 1971 Graecorum
943 1931 990 1967 ad
1015 1936 1189 1967 nostrum

88 1992 202 2020 usum
219 1995 439 2036 moremque
457 1986 670 2024 transferri:
700 1986 764 2024 sed
785 1984 1000 2023 hominibus
1018 1995 1113 2034 opus
1132 1987 1188 2019 est

90 2035 257 2085 eruditis,
285 2038 353 2088 qui
377 2038 514 2087 adhuc,
540 2038 581 2076 in
605 2039 676 2078 hoc
705 2039 859 2090 quidem
887 2048 1038 2088 genere,
1068 2034 1186 2072 nostri

87 2087 186 2125 nulli
207 2088 383 2129 fuerunt=
413 2092 471 2130 sin
495 2092 647 2144 quando
665 2091 887 2140 exstiterint,
908 2090 1023 2130 etiam
1042 2086 1184 2128 Graeeis

85 2147 196 2180 erunt
211 2144 472 2195 anteponendi.
