1429 2344
116 103 192 141 128
287 101 367 141 DE
387 99 814 149 ORATORE‚L11³.
837 99 871 138 1.
902 100 1008 140 CAP.
1029 101 1068 140 6.

111 208 370 249 moderatione
385 210 591 257 elaborent,
607 207 693 260 quis
706 208 871 260 ignorat,
887 221 1006 260 quam
1017 208 1131 260 pauci
1144 209 1234 256 sint,

112 263 345 314 fuerintque,
377 276 473 315 quos
507 263 636 301 animo
668 275 779 314 aequo
810 270 977 314 spectare
1008 262 1234 314 possimus?

114 317 224 365 Quid
242 317 367 356 dicam
395 317 442 355 de
468 316 645 355 thesauro
670 328 799 354 rerum
825 316 1014 364 omnium,
1035 316 1236 363 memoria,

113 384 203 422 quae
222 370 295 408 nisi
321 378 446 409 custos
473 370 636 408 inventis
655 370 902 421 cogitatisque
920 371 1033 408 rebus
1053 377 1090 408 et
1114 370 1238 408 verbis

116 424 356 472 adhibeatur,
383 424 648 475 intelligimus,
678 423 822 485 omnia,
849 423 964 461 etiam
983 423 1015 462 si
1032 424 1240 474 praeclaris-

116 477 215 516 sima
229 478 400 516 fuerint
390 491 430 516 m
445 486 604 527 oratore,
620 477 799 538 peritura.
829 477 1093 525 Quamobrem
1107 477 1239 526 mirari

118 531 351 580 desinamus,
387 545 474 583 quae
511 545 624 570 causa
653 531 701 569 sit
731 531 992 583 eloquentium
1020 531 1237 582 paucitatis,

116 598 207 623 cum
227 599 275 623 ex
292 586 338 623 iis
356 588 469 623 rebus
487 586 672 624 universis
690 585 905 636 eloquentia
925 591 1082 633 constet,
1098 584 1240 636 quibus

117 639 159 676 in
178 639 338 690 singulis
363 640 555 678 elaborare
577 652 832 691 permagnum
861 646 939 677 est:
967 639 1241 690 hortemurque

119 693 246 743 potius
264 693 402 731 liberos
420 701 579 741 nostros,
607 700 834 743 caeterosque
851 705 1017 743 quorum
1035 692 1156 742 gloria
1173 705 1243 731 no-

119 746 177 784 bis
197 754 235 784 et
253 747 417 798 dignitas
443 760 528 785 cara
547 754 615 793 est,
647 754 691 784 ut
709 747 838 784 animo
857 746 910 784 rei
934 746 1241 796 magnitudinem

123 800 438 851 complectantur,
459 813 583 852 neque
602 800 646 838 iis
662 807 729 837 ant
747 799 943 851 praeceptis
962 807 1030 837 aut
1053 799 1245 850 magistris

124 861 193 891 aut
212 854 557 902 exercitationibus,
579 854 719 905 quibus
738 861 902 891 utuntur
919 866 1065 901 omnes,
1082 854 1146 892 sed
1161 853 1247 892 aliis

126 907 372 958 quibusdam,
389 921 428 946 se
442 908 496 956 id,
510 908 614 959 quod
628 914 826 959 expetunt,
840 907 1019 959 consequi
1032 920 1141 959 posse
1155 920 1245 946 con-

130 961 262 998 fidant.

180 1014 256 1052 VI.
286 1015 362 1062 Ac,
384 1014 471 1053 mea
485 1015 642 1066 quidem
661 1014 860 1063 sententia,
881 1027 994 1053 nemo
1012 1015 1150 1065 poterit
1168 1028 1248 1055 esse

125 1069 233 1107 omni
262 1069 376 1107 laude
395 1070 613 1107 cumulatus
631 1076 769 1116 orator,
801 1068 874 1107 nisi
900 1069 971 1107 erit
988 1068 1163 1107 omnium
1189 1083 1248 1108 re-

127 1136 216 1160 rum
235 1135 465 1173 magnarum
492 1130 607 1175 atque
633 1123 773 1161 artium
799 1123 994 1161 scientiam
1013 1130 1248 1161 consecutus.

129 1175 288 1214 Etenim
308 1190 355 1214 ex
374 1189 502 1214 rerum
528 1177 741 1228 cognitione
767 1176 972 1215 efflorescat
1002 1184 1039 1214 et
1063 1176 1250 1215 redundet

128 1236 276 1281 oportet
294 1230 438 1275 oratio;
472 1244 572 1282 quae,
603 1231 676 1268 nisi
703 1232 831 1269 subest
855 1243 913 1268 res
931 1232 980 1268 ab
999 1237 1146 1268 oratore
1163 1244 1249 1281 per-

128 1291 239 1334 cepta
263 1291 300 1322 et
323 1284 487 1335 cognita,
519 1285 673 1323 inanem
703 1283 911 1337 quamdam
937 1283 1052 1322 habet
1071 1285 1251 1323 elocutio-

131 1350 235 1385 nem,
257 1345 294 1375 et
311 1350 420 1388 paene
439 1339 636 1389 puerilem.
667 1339 807 1399 Neque
821 1351 908 1376 vero
928 1351 997 1388 ego
1011 1338 1083 1376 hoc
1097 1345 1249 1376 tantum

130 1391 253 1429 oneris
272 1391 388 1442 impo
380 1405 469 1429 iam
489 1393 625 1431 nostris
643 1392 851 1444 pracsertim
870 1391 1094 1440 oratoribus,
1123 1392 1163 1429 in
1182 1392 1254 1431 hac

130 1445 238 1482 tanta
252 1446 497 1497 occupatione
516 1446 620 1484 urbis
634 1459 677 1484 ac
696 1446 797 1495 vitae,
818 1445 915 1483 nihil
933 1453 978 1484 ut
990 1445 1036 1483 115
1054 1452 1187 1497 putem
1206 1446 1254 1483 li-

130 1511 214 1536 cere
244 1499 410 1537 nescire:
446 1513 683 1552 quamquam
713 1500 770 1538 vis
797 1499 967 1548 oratoris,
994 1499 1256 1551 professioque

130 1551 215 1603 ipsa
233 1554 329 1591 bene
347 1553 511 1601 dicendi,
518 1554 603 1592 hoc
629 1554 816 1605 suscipere
840 1566 884 1592 ac
901 1553 1072 1614 polliceri
1090 1553 1252 1601 videtur,

130 1613 175 1643 ut
193 1606 300 1644 omni
318 1607 365 1644 de
379 1621 432 1655 re,
449 1621 702 1660 quaecumque
721 1608 769 1646 sit
786 1607 992 1659 proposita,
1008 1609 1056 1645 ab
1069 1620 1113 1646 eo
1124 1615 1255 1646 ornate

131 1659 355 1721 copioseque
374 1661 532 1699 dicatur.
563 1662 639 1700 Sed
664 1662 755 1714 quia
781 1673 859 1700 non
878 1661 1026 1710 dubito,
1057 1661 1151 1712 quin
1178 1661 1251 1699 hoc

132 1713 351 1765 plerisque
342 1727 575 1752 immensum
594 1714 866 1767 infinitumque
883 1714 1069 1763 videatur,
1089 1722 1128 1753 et
1148 1715 1253 1766 quod

137 1767 290 1805 Graecos
318 1769 490 1808 homines
517 1782 593 1809 non
614 1769 766 1808 solum
756 1768 910 1820 ingenio
928 1775 965 1806 et
983 1767 1168 1817 doctrina,
1189 1768 1255 1807 sed

134 1820 250 1858 etiam
269 1822 345 1860 otio
365 1823 566 1874 studioque
585 1823 836 1871 abundantes,
856 1821 1099 1873 partitionem
1118 1835 1254 1873 quam-

135 1874 227 1912 dam
251 1875 393 1914 artium
419 1877 548 1916 fecisse
568 1877 690 1925 video,
720 1890 844 1928 neque
861 1876 902 1914 in
928 1875 1103 1914 universo
1121 1888 1257 1926 genere

135 1928 306 1979 singulos
324 1931 546 1978 elaborasse,
568 1931 634 1969 sed
652 1931 858 1982 seposuisse
876 1943 899 1967 a
917 1929 1059 1968 caeteris
1081 1929 1256 1967 dictioni-

138 1984 210 2020 bus
229 1995 313 2020 eam
339 1992 487 2035 partem
506 1984 656 2023 dicendi
675 1999 761 2036 quae
779 1984 819 2022 in
835 1983 1046 2022 forensibus
1071 1983 1255 2034 discepta-

135 2036 302 2075 tionibus
318 2038 549 2087 judiciorum
571 2037 658 2087 [aut
672 2037 1008 2088 deliberationum]
1029 2045 1252 2083 versaretur,

137 2097 175 2127 et
192 2089 232 2127 id
247 2104 369 2129 unum
390 2105 508 2143 genus
527 2092 664 2130 oratori
689 2092 910 2143 rcliquissc;
931 2103 1008 2128 non
1027 2091 1255 2142 complectar

137 2143 177 2180 in
207 2143 265 2181 his
294 2145 400 2184 libris
432 2147 611 2198 amplius,
646 2159 763 2197 quam
794 2145 897 2197 quod
929 2145 1018 2183 huic
1043 2145 1185 2195 generi,
1216 2158 1255 2183 re

136 2198 297 2250 quaesita
316 2207 354 2238 ct
372 2202 540 2240 multum
566 2200 772 2253 disputata,
793 2212 1034 2239 summorum
1052 2198 1255 2238 hominum
