1429 2344
165 107 218 143 82
271 103 348 144 DE
369 104 758 155 INVENTIONE,
779 105 878 144 LIB.
896 105 955 144 ΙΙ.
976 104 1080 144 CAP.
1097 106 1162 143 22.

165 224 233 251 nec
261 225 433 264 unquam
458 213 603 251 factum
629 220 697 262 est,
724 219 769 251 ut
794 213 963 263 ejusdem
988 212 1158 264 pecuniae
1175 211 1272 249 alius

162 273 399 316 testamento,
428 267 524 305 alius
547 267 643 317 lege,
662 267 781 305 haeres
800 273 906 305 esset.
958 265 1171 304 Infirmatio
1189 265 1272 303 haec

165 320 249 366 erit,
278 321 370 358 Non
398 327 453 358 est
477 333 555 358 una
582 320 767 370 pecunia3
796 327 1007 371 propterea,
1035 319 1137 371 quod
1155 319 1273 357 altera

160 374 243 422 jam
270 381 347 411 erat
371 373 509 424 pupilli
535 373 766 420 adventicia3
796 374 904 422 cujus
930 373 1048 411 haeres
1087 385 1178 421 non,
1207 371 1275 409 illo

165 433 347 477 tempore,
367 433 590 464 testamento
616 427 819 478 quisquam
838 427 997 478 scriptus
1015 433 1107 475 erat,
1128 426 1160 464 si
1178 424 1272 476 quid

164 480 313 530 pupiJJo
339 480 554 525 accidisset3
585 487 622 518 et
650 480 697 518 de
721 479 852 528 altera,
883 480 999 531 patris
1029 480 1143 518 etiam
1171 491 1275 516 nunc

165 533 306 570 mortui
325 534 497 572 voluntas
515 534 727 584 plurimum
746 535 907 582 valebat,
928 547 1014 584 quae
1028 534 1111 582 jam
1124 539 1276 570 mortuo

164 586 312 637 pupillo
341 586 418 625 suis
450 587 666 625 haeredibus
695 587 931 625 concedebat.
977 585 1173 624 Judicatio
1203 592 1273 633 est,

170 640 204 678 U
207 652 304 678 nane
328 640 489 690 pecunia
507 641 644 678 fuerit:
674 653 731 689 ac,
762 641 793 678 si
810 641 881 678 hac
899 647 1010 678 erunt
1027 640 1087 677 usi
1104 639 1275 677 infirma-

166 693 282 739 tione,
311 694 425 731 Posse
443 695 570 745 plures
589 707 666 733 esse
691 694 804 732 unius
829 694 999 745 pecuniae
1015 693 1182 731 haeredes
1200 692 1276 729 dis-

168 747 355 785 similibus
380 748 427 785 de
456 748 601 793 causis;
632 748 679 786 de
708 761 751 785 eo
780 748 863 798 ipso
889 747 1072 797 judicatio
1096 746 1275 793 nascitur,

169 801 368 838 Possintne
394 801 563 850 ejusdem
592 802 762 853 pecuniae
788 802 915 853 plures
943 800 1187 840 dissimilibus
1211 812 1277 850 ge-

168 854 321 891 neribus
341 868 418 892 esse
436 855 616 892 haeredes.

220 907 364 945 XXII.
393 908 499 958 Ergo
517 909 596 945 una
609 908 650 946 in
667 908 935 946 constitutione
952 907 1188 945 intellectum
1206 913 1274 954 est,

168 961 360 1011 quomodo
386 969 422 999 et
447 961 620 1009 rationes,
648 969 684 999 et
708 962 900 999 rationum
923 961 1210 1010 infirmationes,
1240 965 1278 997 et

167 1022 346 1065 praeterea
360 1015 623 1063 judicationes,
643 1015 771 1065 plures
792 1015 896 1052 fiant.

222 1068 264 1105 N
267 1081 340 1105 unc
353 1068 470 1117 hujus
484 1069 630 1118 generis
644 1075 831 1119 praecepta
844 1068 1050 1106 videamus.
1080 1066 1276 1117 Utrisque,

168 1128 235 1158 aut
260 1121 374 1159 etiam
400 1122 591 1170 omnibus,
622 1122 653 1159 si
670 1122 798 1173 plures
817 1121 1025 1172 ambigent,
1043 1122 1107 1170 jus
1126 1133 1173 1158 ex
1193 1119 1278 1171 qui-

169 1176 241 1212 bus
258 1176 370 1212 rebus
389 1182 546 1222 constet,
568 1182 622 1213 est
641 1175 965 1213 considerandum.
1009 1174 1171 1212 Initium
1191 1185 1280 1223 ergo

169 1229 251 1277 ejus
270 1230 317 1266 ab
337 1229 475 1266 natura
493 1229 651 1266 ductum
671 1229 843 1267 videtur:
873 1227 1050 1279 quaedam
1068 1235 1210 1275 autem,
1231 1239 1278 1263 ex

170 1281 342 1319 utihtatis
360 1282 516 1331 ratione,
538 1289 604 1320 aut
622 1282 819 1333 perspicua
836 1282 945 1320 nobis
963 1288 1030 1319 aut
1047 1283 1218 1328 obscura,
1238 1279 1279 1316 in

170 1335 480 1373 consuetudinem
499 1335 667 1373 venisse.
688 1343 774 1387 post
792 1342 934 1384 autem,
955 1335 1162 1385 approbata
1175 1346 1280 1384 quae-

171 1388 275 1437 dam,
297 1396 364 1426 aut
383 1402 405 1426 a
426 1389 694 1427 consuetudine
712 1396 779 1427 aut
796 1402 819 1426 a
837 1401 924 1426 vero
943 1389 1053 1426 utflia
1070 1387 1164 1435 visa,
1186 1386 1280 1436 legi-

174 1444 209 1480 b
205 1455 246 1479 is
267 1455 344 1479 esse
361 1443 535 1488 firmata3
566 1455 609 1480 ac
628 1449 772 1480 naturae
791 1441 945 1493 quidem
967 1442 1032 1502 jus
1059 1453 1150 1488 esse,
1177 1439 1282 1491 quod

172 1495 281 1532 nobis
300 1508 377 1533 non
396 1496 537 1546 opinio,
559 1496 623 1533 sed
642 1496 816 1547 quaedam
835 1495 966 1533 innata
982 1495 1053 1543 vis,
1073 1494 1217 1541 afferat,
1236 1499 1281 1530 ut

172 1548 406 1598 religionem,
427 1549 619 1599 pietatem,
639 1549 814 1599 gratiam,
835 1548 1140 1595 vindicationem,
1156 1548 1282 1585 obser-

175 1601 356 1649 vantiam,
377 1603 586 1639 veritatem.
617 1603 872 1653 Religionem,
893 1615 992 1650 eam,
1012 1615 1098 1652 quae
1116 1601 1156 1638 in
1174 1607 1281 1637 metu

174 1662 211 1692 et
229 1655 444 1692 caerimonia
459 1655 631 1693 Deorum
651 1656 710 1704 sit,
733 1656 926 1707 appellant
940 1670 952 1692 ι
971 1655 1164 1706 pietatem,
1181 1666 1281 1704 quae,

175 1721 265 1758 erga
290 1709 452 1758 patriam
479 1716 545 1746 aut
570 1716 755 1759 parentes,
785 1716 851 1746 aut
876 1709 968 1747 alios
993 1707 1176 1768 sanguine
1194 1719 1282 1744 oon-

171 1763 337 1810 junctos,
358 1761 524 1799 officium
543 1775 759 1800 conservare
777 1769 952 1800 moneat:
982 1761 1157 1812 gratiam,
1179 1773 1280 1810 quae,

174 1815 215 1851 in
240 1815 425 1852 memoria
450 1822 486 1852 et
511 1816 810 1853 remuneratione
833 1815 1056 1863 officiorum,
1077 1821 1115 1852 et
1130 1813 1283 1851 honoris

176 1875 214 1905 et
232 1868 483 1905 amicitiarum
503 1869 778 1906 observantiam
797 1875 945 1906 teneat·
975 1867 1280 1914 vindicationem,

175 1934 243 1972 per
270 1934 400 1971 quam,
422 1921 500 1959 vim
528 1928 564 1959 et
582 1922 863 1968 contumeliam,
885 1921 1119 1959 defendendo
1138 1927 1204 1957 aut
1222 1920 1283 1957 ul-

175 1974 360 2022 ciscendo,
375 1975 640 2025 propulsamus
660 1988 683 2012 a
700 1975 820 2022 nobis,
842 1982 878 2012 et
892 1988 915 2011 a
927 1974 1077 2022 nostris,
1094 1972 1162 2025 qui
1175 1972 1284 2011 nobis

177 2041 257 2066 esse
275 2028 350 2065 cari
369 2028 520 2076 debent,
541 2035 578 2066 et
595 2041 662 2078 per
681 2041 798 2079 quam
817 2034 968 2079 peecata
984 2028 1191 2078 punimus:
1216 2028 1285 2064 ob-

177 2081 418 2129 servantiam,
447 2094 514 2132 per
543 2095 675 2132 quam,
705 2088 813 2119 aetate
840 2088 906 2119 aut
932 2080 1115 2132 sapientia
1132 2086 1199 2118 aut
1215 2080 1285 2118 ho-

178 2147 270 2172 nore
297 2142 364 2172 aut
388 2135 518 2186 aliqua
545 2135 726 2185 dignitate
750 2135 1009 2173 antecedentes
1034 2147 1221 2182 veremur,
1251 2140 1289 2172 et

172 2188 360 2227 colimus:
390 2189 599 2237 veritatem,
627 2201 694 2240 per
724 2201 842 2240 quam
871 2188 1007 2228 damus
1038 2200 1207 2240 operam,
1236 2199 1286 2226 ne
