1429 2344
186 83 264 128 '268
330 89 407 129 DE
436 90 729 142 ORATORE,
759 91 856 131 Lm.
874 91 933 131 ΙΙ.
963 91 1146 138 ΟΑΡ,71.

185 197 225 234 in
243 198 361 236 herba
382 198 460 249 ipse
485 200 725 247 recubuisset,
755 203 782 223 “
798 199 949 238 Vellem
975 201 1046 239 hoc
1070 199 1207 246 esset,''
1232 198 1291 236 in-

186 251 284 301 quit,
306 254 334 273 ‘⁶
350 252 558 290 laborarefl’
593 254 744 291 Salsum
763 261 817 291 est
836 254 962 301 etiam,
983 253 1236 305 quaerentibus
1255 259 1292 290 et

186 304 294 354 quasi
312 306 616 355 percontantibus
634 307 734 344 lente
752 307 985 357 respondere,
1006 306 1108 358 quod
1125 306 1291 351 nollent;

186 365 229 394 ut
248 369 375 395 censor
390 358 572 419 Lepidus,
593 372 680 397 cum
696 360 756 397 Μ.
769 360 938 398 Antistio
953 359 1136 411 Pyrgensi
1151 371 1293 410 equum

184 410 396 457 ademisset,
427 413 614 473 amicique
642 426 731 451 cum
756 413 1056 460 vociferarentur,
1086 420 1123 451 et
1148 424 1291 463 quaereu

184 471 282 511 rent,
309 439 402 515 quid
426 465 490 502 ille
515 467 613 516 patri
639 479 706 504 suo
730 466 980 517 responderet,
1007 479 1071 504 cur
1096 466 1290 503 ademtum

185 516 257 554 sibi
282 531 422 568 equum
448 519 598 567 diceret,
626 533 715 557 cum
741 520 906 570 optimus
931 520 1098 566 colonus,
1121 518 1291 570 parcissi-

183 582 283 618 mus,
304 571 613 619 modestissimus,
633 573 909 624 frugalissimus
927 580 1045 618 esset3
1075 574 1102 595 “
1116 572 1186 610 Me
1204 572 1293 610 isto—

182 625 312 671 rum,''
333 625 470 676 inquit,
493 629 520 648 ‘⁶
533 626 629 663 nihil
647 627 834 665 credere.’'

237 677 479 729 Colliguntur
497 693 520 717 a
539 680 679 718 Graecis
698 680 772 718 alia
789 680 987 725 nonnulla,
1008 678 1289 723 exsecrationes,

181 730 460 779 admirationes,
486 733 722 772 minationes.
763 733 838 772 Sed
862 734 942 771 haec
965 733 1047 783 ipsa
1065 732 1178 769 nimis
1196 731 1292 769 mihi

182 784 309 822 videor
331 787 454 823 multa
478 786 518 823 in
543 799 680 837 genera
703 786 960 838 descripsisse:
991 799 1081 823 nam
1105 785 1185 832 illa,
1206 798 1292 836 quae

181 838 285 875 verbi
309 839 452 877 ratione
476 848 513 878 et
539 841 576 878 vi
598 840 848 888 continentur,
865 848 968 878 certa
984 839 1061 877 fere
1079 852 1122 877 ac
1139 838 1293 877 definita

180 898 292 928 sunt:
323 906 409 943 quae
433 894 671 946 plerumque,
698 902 742 932 ut
767 901 854 932 ante
877 893 971 941 dixi,
991 892 1138 930 laudari
1155 891 1291 943 magis,

179 957 296 995 quam
316 946 440 993 rideri,
462 948 592 985 solent.

233 998 330 1036 Haec
347 1007 489 1047 autem,
511 1014 596 1051 quae
615 1009 702 1038 sunt
720 1002 760 1039 in
782 1015 834 1049 re,
856 1008 892 1039 et
917 1001 957 1038 in
982 1000 1065 1052 ipsa
1090 998 1287 1047 sententia,

178 1051 348 1102 partibus
373 1060 461 1090 sunt
487 1053 790 1099 innumerabilia,
815 1055 1014 1105 generibus
1035 1066 1166 1105 pauca.
1206 1053 1290 1090 Ex-

180 1105 470 1155 spectationibus
500 1107 601 1144 enim
631 1107 870 1158 decipiendis,
898 1115 934 1145 et
959 1107 1102 1145 naturis
1128 1107 1289 1145 aliorum

179 1158 415 1207 irridendis,
406 1173 574 1210 ipsorum
588 1160 743 1198 ridicule
757 1161 978 1206 indicandis,
995 1169 1031 1199 et
1045 1159 1291 1198 similitudine

181 1212 371 1261 turpioris,
399 1221 435 1251 et
460 1213 768 1260 dissimulatione,
796 1222 834 1252 et
858 1214 1091 1252 subabsurda
1115 1213 1287 1260 dicendo,

181 1271 217 1302 et
235 1265 350 1302 stulta
368 1267 685 1317 reprehendendo,
705 1268 800 1305 risus
819 1274 1029 1305 moventur.
1059 1267 1196 1318 Itaque
1213 1266 1287 1303 im-

180 1318 353 1356 buendus
379 1328 434 1357 est
458 1320 503 1367 is,
524 1321 591 1371 qui
614 1322 738 1370 jocose
763 1321 845 1358 vult
869 1321 1002 1367 dicere,
1023 1320 1132 1372 quasi
1153 1320 1290 1357 natura

179 1371 346 1422 quadam
372 1374 461 1424 apta
489 1374 537 1411 ad
565 1375 645 1412 haec
667 1387 817 1425 genera,
838 1382 874 1412 et
891 1374 1074 1433 moribus,
1094 1381 1138 1412 ut
1156 1373 1205 1410 ad
1222 1385 1288 1410 cu-

175 1425 315 1476 jusque
332 1427 437 1464 modi
454 1440 573 1477 genus
591 1427 740 1466 ridiculi
759 1428 885 1465 vultus
904 1427 1018 1465 etiam
1032 1426 1290 1465 accommode-

178 1485 264 1515 tur·
293 1479 360 1530 qui
378 1481 502 1530 quide
494 1494 533 1518 n
552 1494 628 1532 quo
648 1481 806 1519 severior
824 1488 878 1518 est
897 1487 933 1518 et
951 1481 1102 1527 tristior,
1119 1487 1163 1517 ut
1180 1480 1220 1516 in
1239 1486 1290 1526 te,

180 1530 327 1579 Crasse,
347 1533 418 1571 hoc
436 1534 515 1581 illa,
536 1548 622 1585 quae
641 1535 830 1580 dicuntur,
852 1533 1004 1572 salsiora
1020 1533 1138 1572 videri
1157 1533 1290 1571 solent.-

234 1585 341 1622 Sed
327 1599 408 1634 Jam
430 1594 486 1634 tu,
514 1588 676 1635 Antoni,
702 1588 769 1638 qui
789 1587 861 1625 hoc
885 1587 1086 1626 diversorio
1109 1586 1290 1624 sermonis

179 1638 255 1675 mei
272 1639 432 1677 libenter
450 1641 712 1691 acquieturum
731 1648 767 1678 te
785 1653 863 1678 esse
881 1640 1022 1688 dixisti,
1038 1647 1237 1690 tamquam
1249 1639 1290 1676 'm

182 1691 405 1729 Pomtinum
435 1693 640 1741 diverteris,
671 1707 794 1744 neque
819 1706 1011 1731 amoenum
1043 1706 1166 1744 neque
1191 1693 1291 1730 salu-

179 1746 286 1782 brem
305 1745 446 1791 locum,
467 1759 596 1784 censeo
615 1755 658 1784 ut
678 1749 765 1784 satis
784 1746 849 1783 diu
869 1755 905 1784 te
919 1755 1027 1798 putes
1041 1746 1241 1797 requiesse,
1259 1753 1296 1783 et

180 1797 250 1834 iter
268 1798 457 1849 reliquum
477 1800 656 1837 conficere
678 1813 823 1850 pergas.
863 1800 950 1850 Ego
969 1812 1069 1846 vero,
1097 1805 1211 1849 atque
1234 1799 1294 1836 hi-

180 1851 257 1888 lare
285 1852 439 1902 quidem
467 1865 490 1889 a
520 1860 555 1890 te
585 1860 771 1903 acceptus,
803 1852 942 1903 inquit,
974 1859 1010 1890 et
1037 1865 1125 1890 cum
1152 1852 1248 1889 doc
1226 1865 1294 1890 tior

179 1917 246 1955 per
264 1912 314 1951 te,
335 1912 418 1942 tum
438 1905 550 1943 etiam
570 1906 745 1943 audacior
763 1905 884 1943 factus
903 1919 988 1944 sum
1007 1906 1055 1943 ad
1071 1906 1289 1954 jocandum.

181 1958 273 1995 Non
293 1958 394 1996 enim
413 1972 553 2006 vereor,
573 1971 621 1997 ne
639 1960 724 2010 quis
742 1972 805 1996 me
822 1959 862 1996 in
876 1960 947 1997 isto
961 1971 1096 2009 genere
1109 1958 1288 1996 leviorem

176 2011 258 2059 jam
277 2019 397 2061 putet,
418 2013 598 2063 quoniam
620 2013 774 2063 quidem
800 2021 842 2050 tu
869 2012 1060 2050 Fabricios
1083 2011 1179 2048 mihi
1197 2024 1287 2049 auc-

177 2071 286 2108 tores,
308 2072 344 2102 et
361 2064 576 2112 Africanos,
598 2066 807 2112 Maximos,
829 2066 1003 2112 Catones,
1020 2065 1185 2116 Lepidos
1198 2077 1283 2115 pro-

177 2118 306 2156 tulisti.
348 2119 422 2158 Sed
447 2119 591 2159 habetis
617 2133 673 2166 ea,
694 2133 780 2170 quae
798 2119 966 2158 voluistis
991 2131 1039 2158 ex
1055 2131 1119 2158 me
1137 2117 1279 2165 audire,
