1428 2308
263 76 340 116 DE
357 75 744 126 1NVENT10NE,
775 77 873 114 Lm.
897 77 928 115 Ι.
959 78 1062 116 ΟΑΡ.
1083 80 1148 118 30.
1202 81 1250 118 31

143 195 230 220 vera
243 191 345 231 sunt,
366 184 436 222 hoc
453 191 586 234 pacto:
609 183 804 230 Quoniam
824 184 975 222 cicatrix
988 192 1055 233 est,
1075 185 1149 223 fuit
1161 186 1245 224 vul-

143 248 238 280 nus;
269 245 352 275 tum
372 237 600 283 verisimilia,
626 237 697 274 hoc
722 237 858 274 modo:
889 238 930 275 Si
944 238 1088 276 multus
1107 247 1185 277 erat
1202 240 1242 276 in

139 289 272 328 calceis
290 291 428 340 pulvis,
450 302 497 327 ex
515 289 647 327 itinere
666 302 754 326 eum
773 290 897 328 venire
915 293 1119 341 oportebat.

194 341 323 380 Omne
349 351 476 380 autem
502 346 562 385 (ut
580 350 696 380 certas
716 343 899 394 quasdam
917 343 957 380 in
976 351 1098 394 partes
1116 345 1240 382 distri·

138 396 317 442 buamus)
350 395 557 447 probabile,
591 395 694 446 quod
726 396 888 433 sumitur
919 396 966 434 ad
999 406 1240 447 argumenta-

137 448 293 497 tionem,
314 458 380 487 aut
393 449 544 499 signum
560 456 628 495 est,
644 455 710 485 aut
724 449 914 496 credibile,
935 457 1000 487 aut
1010 451 1237 499 judicatum,

139 508 207 538 aut
224 502 486 553 comparabile.
528 502 691 551 Signum
707 509 773 548 est,
794 503 896 552 quod
911 505 980 540 sub
1000 516 1150 540 sensum
1170 505 1238 541 ali-

137 567 252 604 quem
272 555 383 603 cadit,
405 563 442 593 et
460 554 641 606 quiddam
657 555 853 604 significat,
875 556 977 606 quod
992 569 1038 593 ex
1053 557 1133 607 ipso
1151 570 1238 607 pro-

133 607 274 645 fectum
294 608 454 654 videtur,
475 607 577 658 quod
595 615 661 644 aut
678 616 764 645 ante
776 608 902 655 fuerit,
923 609 1038 646 autin
1053 610 1134 660 ipso
1148 622 1240 660 neg-

133 661 223 708 otio,
240 670 306 699 aut
323 669 406 712 post
425 661 472 698 sit
486 668 740 708 consecutum,
763 668 799 698 et
819 668 945 698 tamen
971 662 1115 712 indiget
1135 664 1238 701 testi-

133 714 252 751 monii
285 723 321 752 et
347 714 525 764 gravioris
553 714 870 758 confirmationis3
901 722 943 751 ut
975 727 1095 763 cruor,
1129 716 1234 766 fuga,

132 767 267 817 pallor,
288 768 426 818 puln's,
448 775 484 804 et
503 780 588 818 quae
606 767 664 804 his
680 775 767 804 sunt
782 767 930 804 similia.
962 767 1150 806 Credibile
1165 777 1233 819 est,

131 820 249 871 quod,
264 821 343 858 sine
354 821 433 858 ullo
451 826 555 867 teste,
576 819 755 856 auditoris
769 820 944 870 opinione
957 821 1142 869 firmatur,
1164 823 1234 861 hoe

132 873 270 911 modo:
301 874 429 911 Nemo
445 879 513 921 est,
539 873 606 923 qui
619 884 696 909 non
714 872 849 910 liberos
868 886 954 911 suos
971 874 1178 913 incolumes
1197 883 1234 913 et

130 927 257 964 beatos
271 939 348 964 esse
362 925 499 977 cupiat.
529 925 755 963 ,Indicarum
774 933 828 963 est
842 939 912 973 reS,
929 927 1151 975 assensione,
1167 936 1234 966 aut

127 979 359 1026 auctoritate,
380 986 446 1016 aut
461 979 603 1027 judicio
622 979 781 1027 alicujus
800 986 866 1016 aut
883 979 1112 1030 aliquorum,
1129 994 1232 1019 com-

128 1033 295 1082 probata.
339 1032 388 1070 Id
412 1032 531 1070 tribus
549 1032 588 1068 in
607 1032 806 1082 generibus
824 1040 1024 1082 spectatur,
1044 1034 1230 1083 religioso,

128 1085 336 1133 communi,
366 1087 583 1136 approbato.
623 1085 861 1135 Religiosum
891 1093 959 1134 est,
991 1087 1093 1136 quod
1114 1089 1231 1135 jurati

125 1138 272 1188 legibus
282 1138 525 1187 judicarunt:
547 1151 748 1176 commune
762 1145 829 1185 est,
847 1139 949 1189 quod
968 1152 1097 1177 omnes
1115 1141 1231 1191 vulgo

126 1192 348 1241 probarunt,
375 1199 412 1229 et
436 1191 552 1229 secuti
571 1199 671 1238 sunt,
691 1191 935 1251 hujusmodi:
963 1199 1006 1229 ut
1024 1193 1231 1241 majoribus

127 1251 218 1282 natu
238 1252 466 1295 assurgatur,
486 1253 530 1282 ut
548 1244 762 1294 supplicum
781 1244 1023 1282 misereatur·
1045 1249 1230 1296 approba-

125 1304 210 1335 tum
240 1306 308 1345 est,
338 1298 440 1348 quod
465 1297 650 1345 homines,
679 1310 766 1335 cum
796 1297 958 1335 dubium
983 1306 1089 1346 esset,
1118 1300 1230 1350 quale

125 1350 254 1388 haberi
272 1357 470 1401 oporteret,
486 1363 554 1388 sua
573 1350 845 1388 constituerunt
862 1351 1104 1397 auctoritate3
1126 1353 1228 1390 velut

125 1404 289 1441 Gracchi
313 1404 429 1463 patris
455 1403 612 1451 factum,
634 1416 750 1453 quem
767 1404 932 1453 populus
951 1404 1163 1453 Romanus,
1184 1419 1227 1444 eo

125 1457 228 1507 quod
245 1457 423 1494 insciente
448 1456 591 1506 collega
614 1456 654 1492 in
680 1468 837 1493 censura
861 1456 957 1493 nihil
976 1457 1122 1507 egisset,
1142 1466 1227 1508 post

121 1522 320 1547 censuram
350 1509 542 1547 consulem
567 1509 665 1546 fecit.
710 1509 974 1559 Comparabile
998 1518 1125 1548 autem
1155 1519 1224 1559 est,

123 1563 226 1613 quod
258 1563 298 1599 in
332 1564 442 1600 rebus
473 1562 626 1599 diversis
655 1562 817 1599 similem
846 1562 1013 1614 aliquam
1041 1564 1223 1602 rationem

124 1616 300 1653 continet„
341 1615 438 1664 Ejus
455 1622 578 1666 partes
597 1622 685 1652 sunt
703 1622 799 1652 tres:
820 1614 960 1665 imago,
976 1616 1137 1664 collatio,
1159 1630 1225 1654 ex.

123 1670 306 1719 emplum.
348 1669 484 1718 Imago
513 1675 568 1705 est
591 1668 709 1705 oratio
738 1668 995 1706 demonstrans
1025 1682 1223 1720 corporum

121 1729 189 1759 aut
203 1730 422 1759 naturarum
438 1721 748 1758 similitudinem:
767 1721 915 1759 collatio
929 1729 983 1759 est
997 1723 1127 1769 oratio,
1143 1736 1223 1760 rem

122 1788 211 1813 cum
241 1788 279 1812 re
305 1788 352 1812 ex
377 1774 623 1812 similitudine
648 1774 850 1812 conferens.
889 1774 1126 1825 Exemplum
1153 1784 1221 1824 est,

122 1828 225 1879 quod
244 1841 338 1875 rem,
364 1828 583 1865 auctoritate
600 1834 667 1865 aut
684 1840 772 1865 casu
791 1828 951 1876 alicujus
969 1827 1133 1866 hominis
1158 1837 1224 1867 aut

122 1881 275 1931 negotii,
292 1881 502 1928 confirmat,
522 1888 589 1918 aut
606 1880 783 1918 infirmat.
828 1881 982 1918 Horum
998 1882 1172 1931 exempla
1186 1889 1223 1919 et

122 1934 385 1984 descriptiones
410 1934 449 1970 in
479 1934 672 1984 praeceptis
701 1934 918 1972 elocutionis
943 1942 1222 1983 cognoscentur.

120 1988 184 2024 Ac
216 1987 300 2024 fons
332 1986 487 2037 quidem
520 1987 825 2034 confirmationis,
860 1994 903 2024 ut
934 1986 1091 2024 facultas
1119 1988 1219 2035 tulit,

116 2046 272 2090 apertus
300 2047 378 2085 est;
408 2052 476 2077 nec
501 2039 630 2076 minus
656 2039 833 2087 dilucide,
863 2052 978 2090 quam
1007 2040 1060 2076 rei
1087 2047 1222 2078 natura

120 2092 277 2141 ferebat,
310 2093 586 2131 demonstratus
617 2100 696 2130 est:
736 2091 1058 2144 quemadmodum
1090 2100 1218 2131 autem

121 2159 284 2197 quaeque
308 2146 536 2197 constitutio,
563 2152 600 2185 et
622 2159 709 2198 pars
734 2145 1021 2195 constitutionis,
1043 2151 1080 2183 et
1097 2146 1220 2185 omnis
