1429 2344
224 59 297 98 182
380 56 456 98 DE
477 57 772 108 0RA'110RE,
801 58 899 99 LIB.
918 59 951 99 Ι.
983 59 1087 100 CAP.
1104 59 1169 105 57.

218 178 305 218 quae
322 166 476 205 tandem
495 178 626 204 earum
651 178 763 205 causa
786 166 875 215 fuit,
895 179 981 228 quae
1006 169 1055 206 ab
1078 166 1233 206 homine
1251 166 1330 205 elo-

154 222 167 230 *
219 219 366 271 quenti,
382 219 479 268 juris
497 219 687 271 imperito,
706 231 782 258 non
801 220 1037 259 ornatissime
1049 220 1214 283 potuerit
1227 219 1329 285 dici?

219 274 359 326 quibus
395 271 551 324 quidem
582 272 623 311 in
655 272 775 311 causis
811 273 1002 323 omnibus,
1039 275 1136 314 sicut
1169 273 1211 312 in
1246 271 1331 325 ipsa

219 328 282 367 M’
302 325 424 374 Curii,
444 338 531 377 quae
549 326 616 364 abs
633 332 671 364 te
689 338 810 378 nuper
829 334 885 365 est
908 326 1021 387 dicta,
1045 334 1083 366 et
1104 327 1145 365 in
1165 326 1210 366 C.
1227 326 1330 366 Hos-

217 380 290 420 tilii
307 379 483 418 Mancini
501 379 764 428 controversia,
784 387 899 432 atque
916 380 957 418 in
982 393 1026 419 eo
1048 393 1166 432 puero
1188 380 1256 433 qui
1281 392 1330 419 ex

215 433 336 473 altera
359 439 472 471 natus
502 439 582 471 erat
609 445 742 482 uxore,
771 445 848 471 non
875 433 1029 473 remisso
1055 434 1191 472 nuntio
1218 447 1330 485 supe-

215 487 319 536 riori,
338 486 414 525 fuit
430 486 529 524 inter
545 485 790 547 peritissimos
807 486 979 525 homines
1003 500 1154 526 summa
1175 487 1223 526 de
1243 489 1330 537 jure

216 541 408 580 dissensio.
449 539 591 587 Quaero
610 538 740 590 igitur,
761 540 854 591 quid
880 540 1067 590 adjuverit
1085 547 1270 579 oratorem
1287 540 1329 579 in

215 595 276 634 his
294 594 414 633 causis
428 593 525 642 juris
544 593 710 642 scientia,
731 605 820 632 cum
833 593 895 632 hic
909 594 1199 643 jurisconsultus
1217 607 1329 647 supe-

215 649 292 688 rior
304 647 419 686 fuerit
433 647 674 696 discessurus,
691 647 760 698 qui
779 655 886 695 esset,
902 659 979 685 non
994 660 1062 686 suo
1076 647 1248 697 artificio,
1263 647 1329 686 sed

213 703 351 751 alieno,
383 702 455 740 hoc
481 708 550 750 est,
581 713 658 739 non
684 700 781 750 juris
807 700 976 750 scientia,
1006 700 1072 739 sed
1097 701 1328 753 eloquentia,

214 762 456 796 sustentatus.
496 754 690 806 Equidem
715 754 787 793 hoc
812 767 911 806 saepe
935 754 1078 804 audivi,
1099 767 1189 793 cum
1209 754 1328 793 aedili-

212 817 332 849 tatem
351 810 397 847 P.
415 809 571 848 Crassus
588 814 745 859 peteret,
766 820 931 859 eumque
948 809 1070 858 major
1088 815 1196 857 natu,
1212 808 1328 848 etiam

212 862 433 911 consularis,
450 863 528 901 Ser.
544 862 669 900 Galba
683 868 938 910 assentaretur,
955 862 1059 913 quod
1071 861 1196 900 Crassi
1206 862 1327 901 filiam

213 917 259 956 C.
280 917 360 956 filio
379 930 447 955 suo
466 915 736 966 despondisset,
758 915 950 954 accessisse
969 915 1018 953 ad
1036 915 1217 954 Crassum
1236 928 1327 954 cona

212 970 363 1009 sulendi
381 968 495 1008 causa
513 968 720 1020 quemdam
738 968 998 1014 rusticanum3
1023 969 1091 1020 qui
1109 982 1199 1008 cum
1213 969 1325 1008 Cras-

212 1037 301 1063 sum
319 1023 539 1071 seduxisset,
559 1029 674 1073 atque
692 1021 741 1060 ad
760 1035 848 1060 eum
863 1022 1064 1072 retulisset,
1083 1035 1325 1074 responsum-

212 1091 287 1130 que
305 1079 353 1117 ab
373 1090 416 1116 eo
435 1089 568 1116 verum
592 1075 715 1126 magis
741 1087 858 1127 quam
883 1075 932 1114 ad
950 1088 1059 1113 suam
1077 1089 1159 1114 rem
1177 1089 1325 1115 accom-

211 1132 412 1177 modatum
436 1130 677 1175 abstulisset3
706 1136 750 1167 ut
775 1141 867 1167 eum
891 1129 1036 1167 tristem
1064 1129 1190 1169 Galba
1212 1130 1323 1180 vidit,

210 1185 366 1224 nomine
383 1183 601 1236 appellavit,
622 1182 884 1235 quaesivitque,
904 1182 983 1234 qua
1008 1183 1055 1221 de
1078 1196 1119 1222 re
1143 1183 1193 1222 ad
1211 1183 1324 1222 Cras-

211 1251 298 1278 sum
316 1239 527 1277 retulisset.
552 1250 600 1275 ex
619 1249 695 1288 quo
713 1243 758 1274 ut
776 1235 934 1285 audivit,
955 1243 1265 1289 commotumque
1278 1244 1324 1284 ut

208 1292 304 1332 vidit
320 1291 531 1340 hominem,
552 1291 756 1342 Suspenso,
775 1289 915 1341 inquit,
935 1290 1063 1328 animo
1086 1298 1123 1328 et
1140 1298 1323 1342 occupato

210 1346 392 1386 Crassum
410 1345 481 1384 tibi
498 1344 731 1395 respondisse
749 1343 883 1382 video:
908 1343 1072 1382 deinde
1061 1356 1188 1395 1psum
1208 1344 1322 1383 Cras-

208 1413 296 1439 sum
313 1412 432 1437 manu
450 1397 663 1451 prehendit,
684 1404 735 1445 et,
763 1396 873 1436 Heus
899 1403 956 1444 tu,
977 1398 1117 1449 inquit,
1137 1397 1232 1449 quid
1249 1398 1321 1437 tibi

206 1454 248 1492 in
267 1459 436 1492 mentem
453 1452 556 1491 venit
573 1452 627 1490 ita
644 1450 898 1501 respondere?
935 1450 1043 1488 Tum
1061 1451 1126 1489 ille
1144 1451 1317 1501 fidenter,

206 1508 322 1546 homo
340 1506 604 1558 peritissimus,
624 1505 859 1554 confirmare,
878 1503 933 1542 ita
950 1516 989 1542 se
1006 1516 1088 1542 rem
1102 1504 1255 1554 habere,
1274 1511 1319 1543 ut

206 1560 482 1612 respondisset3
509 1571 578 1597 nec
597 1558 760 1596 dubium
779 1571 857 1596 esse
874 1570 994 1609 posse.
1028 1557 1154 1596 Galba
1171 1565 1315 1608 autem,

205 1614 379 1652 alludens
394 1613 495 1652 varie
509 1619 546 1651 et
559 1611 719 1673 copiose,
735 1611 876 1650 multas
891 1610 1156 1650 similitudines
1170 1612 1316 1661 afferre,

205 1668 406 1719 multaque
429 1679 499 1717 pro
525 1665 700 1717 aequitate
725 1671 855 1703 contra
873 1664 938 1713 jus
961 1665 1107 1703 dicere:
1136 1671 1252 1716 atque
1269 1665 1318 1703 il..

203 1722 304 1769 lum,
324 1733 413 1759 cum
427 1719 640 1758 disserendo
654 1731 723 1769 par
737 1731 816 1756 esse
829 1730 905 1756 non
919 1725 1044 1769 posset
1061 1720 1317 1769 (quamquam

203 1774 280 1814 fuit
299 1773 455 1812 Crassus
479 1772 520 1810 in
545 1784 704 1810 numero
728 1770 967 1820 disertorum,
994 1771 1060 1810 sed
1085 1784 1154 1822 par
1179 1771 1316 1810 Galbae

203 1829 313 1868 nullo
330 1827 476 1875 modo),
496 1826 545 1864 atd
563 1832 731 1864 auctores
750 1824 976 1875 confugisse,
996 1831 1033 1862 et
1046 1823 1099 1873 id,
1117 1825 1220 1876 quod
1233 1825 1316 1876 ipse

202 1882 355 1930 diceret,
375 1887 413 1919 et
429 1880 471 1917 in
490 1879 535 1917 P.
557 1878 697 1926 Mucii,
716 1877 841 1917 fratris
860 1878 932 1926 sui,
959 1877 1080 1927 libris,
1108 1884 1145 1916 et
1162 1878 1204 1916 in
1223 1879 1313 1918 Sex.

201 1936 300 1974 AElii
330 1932 623 1981 commentariis,
657 1930 839 1982 scriptum
870 1932 1082 1983 protulisse,
1113 1944 1157 1969 ac
1183 1938 1314 1970 tamen

199 1988 434 2036 concessisse,
455 1987 590 2025 Galbae
613 1985 907 2037 disputationem
930 1985 1002 2024 sibi
1019 1984 1257 2037 probabilem
1276 1992 1314 2025 et

199 2056 295 2096 prop
269 2056 318 2094 pe
335 2054 463 2080 veram
480 2039 610 2079 videri.

253 2095 392 2136 LVII.
415 2095 615 2142 Attamen,
636 2105 722 2145 quae
740 2105 861 2132 causae
879 2100 968 2131 sunt
986 2091 1186 2154 ejusmodi,
1205 2098 1250 2130 ut
1264 2091 1313 2131 de

199 2163 331 2191 earum
345 2150 433 2200 ¹iure
450 2147 613 2188 dubium
631 2159 708 2187 esse
726 2158 803 2186 non
820 2147 951 2200 possit,
971 2145 1127 2187 omnino
1143 2145 1185 2186 in
1204 2145 1311 2197 ¹iudi-
