1429 2344
193 38 273 79 292
326 39 406 82 DE
434 42 730 99 ORATORE‚
760 48 859 90 Lm.
881 50 964 92 111.
995 52 1100 94 CAP.
1116 54 1156 93 3.

189 148 470 190 contentiones!
500 166 587 204 quae
604 154 645 192 in
664 156 789 196 medio
802 159 922 210 spatio
937 174 1035 213 saepe
1053 161 1297 213 franguntur,

191 206 230 237 et
248 212 441 253 corruunt,
462 212 498 244 et
516 215 616 256 ante,
633 208 673 246 in
691 210 773 261 ipso
792 225 918 262 cursu,
938 216 1165 265 obruuntur,
1179 228 1298 267 quam

190 261 345 303 portum
365 259 576 310 conspicere
587 270 803 312 potuerunt.
834 267 954 317 Nam,
971 269 1155 320 quamdiu
1172 269 1298 307 Crassi

192 306 268 344 fuit
287 311 503 350 ambitionis
521 314 649 353 labore
667 317 745 354 vita
763 318 942 369 districta,
969 322 1116 360 tamdiu
1141 323 1298 374 privatis

191 361 315 410 magis
340 363 469 404 officiis
494 373 531 404 et
555 367 698 418 ingenii
723 371 835 411 laude
861 374 1001 424 floruit,
1028 389 1145 428 quam
1170 376 1298 414 fructu

191 415 469 467 amplitudinis,
497 428 564 458 aut
587 423 804 473 reipublicae
828 427 1022 478 dignitate.
1063 429 1143 477 Qui
1169 437 1298 467 autem

190 465 226 504 ei
253 479 375 509 annus
398 473 545 523 primus
570 477 618 515 ab
641 476 831 518 honorum
854 481 1113 532 perfunctione
1137 483 1299 532 aditum,

191 522 369 562 omnium
387 538 577 574 concessu,
598 529 647 568 ad
665 544 856 573 summam
882 537 1142 575 auctoritatem
1168 537 1297 585 dabat,

191 572 226 611 is
245 576 326 624 ejus
344 591 497 618 omnem
512 594 617 632 spem
637 591 751 636 atque
765 588 894 627 onmia
907 588 993 627 vitae
1011 590 1165 628 consilia
1177 598 1300 628 morte

193 631 384 678 pervertit.
413 633 506 673 Fuit
523 635 594 674 hoe
611 638 827 679 luctuosum
846 643 936 691 suis,
957 646 1134 682 acerbum
1151 644 1299 695 patriae,

194 694 310 731 grave
321 685 429 724 bonis
440 689 637 729 omnibus:
656 693 720 731 sed
731 694 758 731 ii
770 701 897 734 tamen
909 698 1182 748 rempublicam
1195 711 1302 736 casus

194 736 312 774 secuti
332 748 434 790 sunt,
455 749 499 780 ut
515 743 612 782 mihi
630 758 706 784 non
725 756 852 799 erepta
865 750 914 788 L.
929 750 1064 789 Crasso
1082 765 1105 790 a
1123 751 1209 790 Diis
1227 752 1301 789 im-

193 791 419 831 mortalibus
434 795 524 844 vita,
540 798 604 835 sed
619 799 757 839 donata
774 814 889 852 mors,
906 817 984 842 esse
997 805 1178 843 videatur.
1208 806 1301 844 Non

194 841 290 880 vidit
308 845 531 896 flagrantem
546 852 646 890 bello
665 854 834 905 Italiam,
853 870 929 896 non
945 858 1140 897 ardentem
1157 859 1303 898 invidia

193 904 383 948 senatum,
399 913 475 940 non
501 906 647 945 sceleris
665 909 798 946 nefarii
821 911 1009 961 principes
1027 912 1186 951 civitatis
1204 926 1300 961 reos,

192 959 271 987 non
289 951 437 992 luctum
455 956 557 1006 filiae,
577 971 654 998 non
674 963 850 1002 exsilium
867 965 1010 1015 generi,
1022 979 1099 1004 non
1111 967 1303 1005 acerbissi-

195 1013 304 1042 mam
323 1006 368 1044 C.
389 1008 509 1047 Marii
525 1011 672 1063 fugam,
692 1027 770 1054 non
795 1018 902 1056 illam
925 1026 1011 1070 post
1033 1020 1198 1058 reditum
1218 1022 1300 1070 ejus

196 1057 339 1097 caedem
354 1062 527 1102 omnium
542 1067 853 1120 crudelissimam,
869 1084 946 1111 non
958 1072 1121 1125 denique
1138 1073 1179 1111 in
1193 1075 1300 1112 omni
1341 1105 1343 1107 .

195 1123 333 1160 genere
351 1114 600 1158 deformatam
626 1134 710 1160 eam
735 1123 938 1174 civitatem,
964 1125 1005 1163 in
1031 1128 1109 1178 qua
1132 1127 1212 1178 ipse
1229 1129 1299 1167 flo-

194 1165 410 1206 rentissima
427 1172 595 1210 multum
609 1176 786 1215 omnibus
804 1179 925 1228 gloria
942 1181 1185 1230 praestitisset.

251 1219 335 1258 ΙΙΙ.
364 1222 453 1271 Sed,
474 1226 655 1275 quoniam
673 1229 782 1280 attigi
800 1232 1024 1282 cogitatione
1042 1234 1121 1272 vim
1139 1236 1298 1274 varieta-

195 1276 351 1324 temque
369 1275 543 1327 fortunae,
563 1291 640 1318 non
665 1283 864 1332 vagabitur
882 1285 999 1323 oratio
1017 1298 1104 1325 mea
1119 1287 1296 1339 longius3

193 1332 310 1379 atque
329 1328 380 1367 eis
398 1329 475 1370 fere
491 1331 582 1382 ipsis
599 1334 798 1374 definietur
815 1337 918 1387 viris,
938 1339 1007 1391 qui
1023 1339 1095 1380 hoc
1113 1353 1298 1393 sermone,

193 1393 312 1431 quem
329 1382 466 1422 referre
484 1385 678 1437 coepimus,
699 1390 948 1430 continentur.
983 1392 1082 1441 Quis
1101 1394 1202 1432 enim
1220 1408 1298 1434 non

190 1434 279 1483 jure
296 1437 446 1475 beatam
465 1437 513 1476 L.
535 1440 660 1479 Crassi
677 1452 838 1482 mortem
855 1445 978 1495 illam,
994 1460 1080 1498 quae
1091 1455 1147 1486 est
1159 1461 1182 1486 a
1195 1450 1298 1487 mul-

191 1487 241 1525 tis
259 1501 358 1540 saepe
375 1491 523 1541 defleta,
542 1493 693 1544 dixerit,
713 1510 803 1536 cum
816 1497 953 1537 horum
966 1500 1136 1550 ipsorum
1155 1502 1216 1551 sit,
1229 1503 1297 1554 qui

191 1547 278 1579 tum
296 1556 384 1581 cum
400 1544 466 1583 illo
479 1554 713 1596 postremum
724 1551 801 1589 fere
815 1552 989 1591 collocuti
1002 1561 1104 1603 sunt,
1118 1563 1296 1595 eventum

191 1597 437 1636 recordatus?
466 1598 662 1640 Tenemus
686 1604 788 1642 enim
806 1607 1004 1655 memoria,
1024 1607 1075 1655 Q.
1097 1609 1294 1658 Catulum,

192 1649 318 1688 virum
337 1651 442 1688 omni
455 1651 567 1691 laude
584 1663 839 1707 praestantem,
860 1672 948 1697 cum
967 1661 1038 1699 sibi
1055 1673 1132 1700 non
1150 1663 1296 1701 incolu-

191 1714 297 1741 mem
314 1704 520 1754 fortunam,
542 1708 608 1745 sed
626 1711 801 1749 exsilium
821 1719 858 1750 et
868 1713 1001 1763 fugam
1019 1715 1293 1766 deprecaretur,

192 1769 272 1796 esse
289 1765 473 1807 coactum,
489 1767 533 1797 ut
552 1760 630 1799 vita
647 1776 686 1800 se
703 1764 784 1814 ipse
800 1765 974 1816 privaret.
1012 1768 1107 1806 Ja'm
1125 1769 1186 1807 M.
1206 1770 1295 1808 An-

192 1810 287 1848 tonii
304 1811 344 1849 in
362 1811 422 1849 his
439 1812 529 1863 ipsis
548 1814 708 1863 Rostris,
724 1819 764 1854 in
779 1819 918 1869 quibus
936 1821 1000 1858 ille
1017 1823 1292 1873 rempublicam

190 1865 487 1905 constantissime
505 1869 634 1907 consul
652 1869 881 1920 defenderat,
894 1886 1055 1925 quaeque
1073 1888 1202 1914 censor
1218 1878 1293 1915 im-

189 1919 385 1970 peratoriis
421 1921 611 1959 manubiis
647 1924 810 1973 ornarat,
847 1926 1015 1976 positum
1051 1936 1165 1980 caput
1196 1930 1294 1970 illud

186 1972 276 2021 fuit,
302 1986 326 2011 a
354 1986 432 2024 quo
456 1981 562 2012 erant
586 1976 796 2018 multorum
822 1979 962 2018 civium
987 1982 1110 2032 capita
1134 1991 1291 2023 servata.

188 2027 330 2079 Neque
361 2040 449 2065 vero
478 2028 590 2079 longe
618 2031 667 2067 ab
697 2042 740 2068 eo
770 2031 814 2070 C.
848 2032 877 2071 J
879 2033 948 2072 ulii
977 2042 1104 2086 caput,
1132 2036 1292 2089 hospitis

188 2080 342 2120 Etrusci
360 2081 494 2120 scelere
510 2082 717 2134 proditum,
738 2097 827 2123 cum
845 2085 893 2126 L.
913 2086 943 2125 J
944 2087 1013 2126 ulii
1030 2088 1154 2128 fratris
1168 2091 1290 2143 capite

182 2135 316 2188 jacuit,
336 2141 379 2174 ut
397 2134 475 2185 ille,
495 2136 562 2188 qui
579 2135 660 2177 haec
677 2149 754 2176 non
780 2138 888 2189 vidit,
907 2147 945 2180 et
962 2141 1098 2183 vixisse
1122 2156 1211 2183 cum
1229 2157 1290 2184 re-
