1429 2344
175 76 252 115 428
299 74 375 114 DE
396 74 602 114 CLARIS
621 73 1009 122 ORATORIBUS,
1032 75 1135 114 CAP.
1153 75 1216 119 78.

180 191 319 221 stantes
337 183 456 233 loqui,
477 190 520 220 ut
538 181 633 220 mihi
655 182 875 233 imprudens
895 181 954 219 M.
972 183 1175 221 Servilium
1197 196 1294 234 prae2

182 237 323 274 teriisse
342 236 500 274 videare.
970 265 973 267 .

237 289 481 327 LXXVIII.
506 289 612 339 Non,
632 289 805 340 inquam,
821 302 891 339 ego
903 288 1000 327 istuc
1013 289 1158 339 ignoro,
1177 290 1294 328 Pom-

182 343 286 394 poni,
306 343 447 380 multos
465 343 594 389 fuisse,
615 343 682 393 qui
700 344 858 380 verbum
873 355 1072 393 nunquam
1086 342 1125 379 in
1140 343 1294 394 publico

184 396 369 443 fecissent,
396 408 483 433 cum
511 396 647 433 melius
672 396 867 447 aliquanto
893 403 1058 446 possent,
1087 409 1204 447 quam
1232 397 1294 435 isti

183 457 346 487 oratores
375 462 470 500 quos
498 449 648 499 colligo,
679 449 826 487 dicere:
868 449 947 495 sed,
977 449 1036 486 his
1065 462 1297 489 commemo-

184 503 326 551 randis,
347 504 461 541 etiam
486 503 583 540 illud
602 515 791 554 assequor,
812 510 856 540 ut
872 502 1091 553 intelligatis
1109 503 1293 553 primurn,

184 570 231 594 ex
250 556 356 594 omni
374 569 547 605 numero,
568 569 685 608 quam
710 569 787 594 non
812 556 926 593 multi
951 556 1033 593 ausi
1056 556 1130 593 sint
1148 557 1295 604 dicere3

185 610 335 657 deinde,
356 623 403 648 ex
423 610 467 648 iis
485 610 589 661 ipsis,
610 622 727 661 quam
746 609 858 660 pauci
875 609 1016 647 fuerint
1032 609 1146 647 laude
1164 610 1282 661 digni.

188 664 325 715 Itaque
342 676 390 701 ne
407 664 477 701 hos
495 663 651 715 quidem
670 663 813 714 equites
832 663 1041 710 Romanos,
1058 663 1197 701 amicos
1211 677 1299 702 nos-

185 724 275 763 tros,
296 717 364 768 qui
381 729 503 767 nuper
528 716 669 754 mortui
695 723 796 763 sunt,
826 717 871 753 P.
893 715 1114 754 Cominium
1137 717 1300 768 Spoleti-

186 781 296 817 num,
317 783 394 821 quo
418 777 615 808 accusante
639 769 791 808 defendi
815 769 860 807 C.
882 769 1128 815 Cornelium;
1157 770 1197 807 in
1223 783 1301 822 quo

187 831 225 861 et
242 824 493 874 compositum
512 823 661 862 dicendi
678 836 811 874 genus,
838 830 875 860 et
900 836 997 871 acre,
1025 829 1062 860 et
1079 824 1300 874 expeditum

185 876 282 915 fuit:
314 877 364 915 T.
384 876 549 916 Accium
569 877 848 923 Pisaurensem,
869 877 978 925 cujus
999 877 1225 915 accusationi
1243 890 1301 916 re-

185 931 319 981 spondi
337 944 406 981 pro
424 930 476 968 A.
497 930 700 976 Cluentio;
731 930 799 981 qui
824 937 861 967 et
885 937 1057 968 accurate
1078 930 1239 980 dicebat,
1263 939 1301 969 et

184 984 273 1021 satis
299 984 469 1035 copiose:
504 991 659 1035 eratque
687 990 867 1036 praeterea
890 983 1022 1022 doctus
1051 983 1300 1035 Hermagorae

184 1038 404 1088 praeceptis:
440 1037 579 1088 quibus
608 1037 676 1075 etsi
703 1043 924 1076 ornamenta
951 1049 1029 1075 non
1056 1038 1144 1075 satis
1171 1037 1300 1089 opima

185 1090 348 1139 dicendi,
368 1098 510 1138 tamen,
531 1097 575 1128 ut
591 1091 709 1128 hastae
725 1090 900 1128 velitibus
914 1098 1129 1139 amentatae,
1146 1091 1198 1129 sic
1211 1098 1302 1142 apta

187 1144 379 1195 quaedam,
400 1154 437 1181 et
454 1150 586 1194 parata
604 1144 762 1195 singulis
785 1156 985 1181 causarum
1006 1144 1220 1204 generibus,
1240 1158 1302 1182 ar-

187 1204 371 1247 gumenta
387 1197 612 1234 traduntur:
637 1197 762 1235 studio
781 1204 909 1234 autem
928 1197 1135 1247 neminem,
1155 1210 1224 1236 nec
1242 1199 1301 1236 in-

188 1250 347 1299 dustria,
385 1251 528 1299 majore
564 1251 734 1301 cognovi
784 1250 1035 1301 Quamquam
1070 1263 1118 1288 ne
1149 1251 1302 1302 ingenio

188 1303 343 1354 quidem
376 1303 444 1354 qui
475 1304 701 1354 praestiterit,
734 1304 844 1341 facile
872 1304 1048 1352 dixerim,
1083 1304 1128 1342 C.
1154 1305 1298 1353 Pisoni,

187 1369 326 1407 genero
354 1370 452 1395 meo.
493 1357 660 1394 Nullum
690 1364 841 1408 tempus
869 1357 926 1394 illi
948 1370 1121 1408 unquam
1145 1361 1301 1397 vacabat

186 1417 254 1448 aut
272 1423 295 1448 a
312 1410 451 1448 forensi
475 1410 650 1458 dictione,
674 1418 741 1448 aut
765 1424 788 1448 a
812 1411 1129 1449 commentatione
1153 1412 1300 1451 domes-

187 1464 276 1510 tica,
296 1470 363 1501 aut
381 1477 404 1502 a
423 1464 631 1511 scribendo,
651 1472 717 1502 aut
736 1478 759 1502 a
777 1464 987 1515 cogitando.
1021 1464 1159 1516 Itaque
1177 1473 1301 1504 tantos

188 1529 381 1567 processus
405 1517 601 1563 efficiebat,
629 1525 672 1555 ut
694 1518 853 1564 evolare,
874 1530 950 1555 non
969 1531 1177 1565 excurrere,
1198 1519 1301 1557 vide-

188 1576 315 1608 retur·
343 1578 497 1621 eratque
515 1573 715 1609 verborum
735 1578 771 1608 et
789 1571 954 1609 delectus
973 1572 1137 1621 elegans,
1158 1580 1194 1610 et
1212 1581 1302 1624 apta

189 1630 227 1660 et
257 1623 366 1674 quasi
394 1625 559 1662 rotunda
589 1624 842 1663 constructio·
882 1637 1047 1676 cumque
1077 1634 1302 1676 argumenta

188 1676 498 1727 excogitabantur
516 1680 564 1716 ab
583 1691 626 1716 eo
644 1678 781 1725 multa,
801 1684 838 1715 et
855 1678 966 1716 firma
983 1678 1032 1716 ad
1045 1679 1299 1729 probandum,

186 1737 272 1767 tum
291 1731 483 1768 concinnae
499 1738 695 1783 acutaeque
709 1731 926 1777 sententiae3
949 1738 1152 1784 gestusque
1165 1733 1303 1771 natura

188 1782 244 1820 ita
267 1791 460 1833 venustus,
486 1792 530 1822 ut
555 1798 614 1823 ars
633 1785 761 1833 etiam,
781 1798 868 1836 quae
886 1798 963 1823 non
981 1792 1073 1832 erat,
1094 1793 1131 1823 et
1149 1799 1170 1823 e
1190 1786 1301 1825 disci-

189 1835 296 1887 plina
313 1844 439 1874 motus
457 1837 614 1888 quidam
638 1838 826 1876 videretur
850 1838 1032 1876 accedere.
1069 1838 1226 1887 Vereor,
1253 1853 1301 1879 ne

189 1901 318 1927 amore
347 1890 473 1928 videar
500 1891 625 1941 plura,
656 1903 774 1942 quarn
803 1891 945 1930 fuerint
972 1892 1013 1929 in
1041 1891 1121 1940 illo,
1150 1892 1297 1932 dicere·
1285 1907 1297 1939 3

189 1943 294 1993 quod
312 1956 389 1981 non
406 1944 460 1981 ita
478 1952 555 1982 est·
586 1944 660 1982 alia
685 1945 787 1982 enim
811 1945 858 1983 de
875 1945 941 1983 ino
959 1946 1104 1994 majora
1121 1945 1195 1983 dici
1212 1960 1300 1998 pos-

189 2003 302 2034 sunt:
333 2009 423 2035 nam
442 2010 510 2036 nec
528 1998 771 2047 continentia,
792 2010 860 2036 nec
878 1999 1030 2049 pietate,
1051 2011 1119 2037 nec
1138 1999 1216 2038 ullo
1234 2014 1298 2051 ge-

190 2060 278 2087 nere
308 2050 469 2099 virtutis,
500 2064 732 2104 quemquam
762 2051 932 2102 ejusdem
964 2052 1085 2092 aetatis
1112 2065 1200 2092 cum
1232 2053 1299 2092 illo

187 2102 456 2142 conferendum
476 2113 580 2157 puto
