1407 2324
216 58 294 99 DE
313 57 607 109 ORATORE,
634 57 732 97 Lm.
749 56 832 97 111
861 58 965 99 CAP.
982 59 1046 97 28.
1105 61 1185 100 319

84 173 161 205 tem
184 166 325 205 habent
350 165 661 217 deprecationem,
690 171 757 203 aut
784 165 1086 212 miserationem,
1114 167 1181 205 alii

82 232 170 258 vero
199 219 378 280 ancipites
407 218 690 269 disputationeS,
715 218 756 255 in
778 219 916 270 quibus
940 220 987 258 de
1005 220 1179 259 universo

82 285 218 323 genere
235 273 275 310 in
289 279 490 323 utramque
500 279 645 332 partem
660 272 788 310 disseri
803 273 948 323 copiose
958 273 1070 311 licet:
1092 287 1179 325 quae

81 325 296 364 exercitatio
308 337 410 363 nunc
423 325 574 376 propria
591 325 753 362 duarum
772 326 1110 376 philosophiamm,
1130 327 1179 365 de

82 379 222 429 quibus
234 385 321 416 ante
334 378 428 426 dixi,
440 385 620 429 putatur,
610 391 620 400 ·
641 378 743 428 apud
754 379 927 429 antiquos
942 387 1020 417 erat
1031 392 1176 429 eorum,

81 431 269 482 aquibus
293 431 416 469 omnis
440 431 487 468 de
511 433 622 468 rebus
639 430 847 469 forensibus
865 431 1012 470 dicendi
1030 433 1124 471 ratio
1142 440 1180 473 et

81 484 189 535 copia
206 485 413 535 petebatur.
441 483 503 522 De
516 484 653 522 virtute
667 484 782 531 enim,
798 484 845 522 de
856 484 990 533 officio,
1006 485 1052 523 de
1068 499 1177 537 aequo

79 545 118 575 et
142 539 255 598 bono,
275 537 321 575 de
345 537 540 588 dignitate,
566 537 741 584 utilitate,
769 537 923 584 honore,
951 538 1176 588 ignominia,

80 591 250 640 praemio,
270 603 394 640 poena,
424 590 690 650 similibusque
702 590 749 628 de
766 591 891 637 rebus,
917 591 956 627 in
975 598 1178 643 utramque

78 650 224 693 partem
246 643 393 681 dicendi
417 643 575 691 animos,
602 651 639 680 et
657 643 749 689 vim,
765 651 802 681 et
819 650 937 681 artem
955 643 1093 683 habere
1111 646 1176 683 de-

80 698 224 734 bemus.
253 696 341 744 Sed,
361 696 556 747 quoniam,
571 695 618 733 de
632 696 758 733 nostra
770 697 997 746 possessione
1011 697 1173 749 depulsi,

77 749 118 786 in
144 762 258 800 parvo
284 757 321 787 et
346 762 388 787 eo
412 749 573 799 litigioso
599 749 777 799 praediolo
803 749 922 786 relicti
950 763 1095 799 sumus,
1121 758 1173 799 et,

76 802 238 840 aliorum
263 802 424 852 patroni,
444 810 569 839 nostra
595 809 719 839 tenere
745 802 916 852 tuerique
944 815 1021 840 non
1049 804 1176 854 potui-

76 868 162 893 mus
178 869 190 901 ;
219 857 267 893 ab
280 856 325 893 iis
337 855 456 906 (quod
468 855 774 905 indignissimum
788 861 858 902 est)
873 855 941 905 qui
950 855 990 892 in
1001 863 1173 895 nostrum

75 909 346 959 patrimonium
357 908 586 960 irruperunt,
599 907 701 959 quod
714 920 808 959 opus
819 914 874 946 est
887 909 1008 958 nobis,
1021 917 1172 948 mutue..

77 974 176 999 mur.

128 1013 336 1053 XXVIII.
365 1014 511 1053 Dicunt
527 1013 643 1064 igitur
660 1026 761 1052 nunc
779 1013 934 1065 quidem
952 1014 1022 1062 illi,
1037 1016 1104 1067 qui
1123 1029 1172 1055 ex

73 1068 259 1119 particula
275 1068 392 1118 parva
407 1067 512 1115 urbis
529 1080 572 1105 ac
589 1067 661 1105 loci
678 1080 816 1105 nomen
834 1068 988 1116 habent,
1009 1075 1046 1106 et
1065 1069 1165 1107 Peri.

71 1121 223 1172 patetici
239 1121 452 1172 philosophi
471 1127 536 1158 aut
554 1120 774 1159 Academici
787 1121 1044 1170 nominantur,
1061 1123 1171 1165 (olim

77 1181 220 1223 autem,
246 1181 399 1225 propter
425 1173 605 1212 eximiam
629 1186 756 1211 terum
780 1174 1036 1212 maximarum
1054 1175 1172 1213 scien-

70 1227 179 1275 tiam,
205 1240 228 1265 a
253 1227 394 1266 Graecis
417 1226 559 1277 politici
576 1226 790 1277 philosophi
808 1227 999 1277 appellati,
1019 1229 1170 1266 univer.

71 1293 200 1318 sarum
211 1293 336 1318 rerum
347 1280 586 1332 publicarum
597 1280 749 1317 nomine
760 1282 1004 1328 vocabantur)
1016 1293 1170 1319 omnem

71 1333 220 1371 civilem
239 1333 443 1371 orationem
461 1333 501 1370 in
518 1333 656 1370 horum
674 1333 852 1370 alterutro
865 1345 999 1382 genere
1017 1335 1168 1383 versari,

70 1392 139 1424 aut
162 1386 324 1424 definitae
348 1385 604 1423 controversiae
628 1385 736 1422 certis
760 1386 992 1435 temporibus
1017 1399 1060 1424 ac
1081 1388 1168 1436 reis,

70 1439 143 1477 hoc
160 1439 299 1477 modo:
329 1438 529 1476 Placeatne
555 1451 578 1475 a
604 1437 975 1488 Carthaginiensibus
1001 1439 1168 1490 captivos

71 1500 230 1540 nostros,
262 1491 414 1530 redditis
442 1491 532 1539 suis,
565 1491 773 1542 recuperari
789 1492 806 1528 ¹?
845 1498 912 1529 aut
942 1492 1088 1531 infinite
1119 1494 1168 1532 de

71 1545 244 1583 universo
263 1557 397 1595 genere
411 1543 609 1595 quaerentis
625 1557 636 1581 ε
673 1543 780 1590 Quid
794 1544 948 1581 omnino
961 1545 1008 1582 de
1022 1546 1170 1596 captivo

69 1598 312 1637 statuendum
329 1611 373 1636 ac
390 1596 625 1637 sentiendum
643 1596 721 1635 sit?
748 1597 882 1648 Atque
899 1597 1035 1636 horum
1055 1612 1167 1650 supe-

70 1651 149 1690 rius
161 1651 258 1697 illud
268 1664 386 1701 genus
400 1663 550 1689 causam
563 1656 630 1687 aut
643 1650 929 1688 controversiam
944 1652 1136 1701 appellant
1152 1667 1166 1699 ;

69 1717 231 1755 eamque
248 1705 380 1753 tribus,
393 1704 472 1752 lite,
487 1709 554 1742 aut
564 1703 842 1751 deliberatione,
858 1710 924 1741 aut
936 1704 1166 1754 laudatione,

70 1757 282 1796 definiunt:
309 1757 390 1796 haec
407 1764 534 1794 autem
548 1756 664 1794 altera
681 1756 837 1807 quaestio
855 1756 1002 1795 infinita
1011 1764 1050 1796 et
1060 1759 1168 1809 quasi

70 1810 274 1862 proposita,
293 1810 513 1849 consultatio
530 1809 760 1858 nominatur,
780 1816 894 1861 atque
911 1809 1090 1849 hactenus
1112 1812 1170 1849 10-

71 1870 255 1915 quuntur.

123 1916 255 1955 Etiam
278 1916 363 1965 hac,
389 1916 429 1954 in
450 1915 692 1964 instituendo,
712 1915 892 1954 divisione
909 1922 1082 1964 utuntur,
1102 1917 1167 1954 sed
1219 1939 1221 1941 ·

71 1969 138 2018 ita,
164 1981 241 2007 non
265 1976 310 2008 ut
332 1971 418 2019 jure
444 1976 510 2007 aut
533 1969 689 2018 judicio,
708 1976 752 2006 ut
770 1969 931 2019 denique
949 1982 1166 2019 recuperare

69 2022 245 2060 amissam
264 2023 545 2074 possessionem,
565 2022 629 2059 sed
647 2029 704 2069 ut,
725 2035 772 2060 ex
795 2023 880 2070 jure
899 2022 999 2060 civili
1017 2023 1167 2060 surculo

70 2074 330 2126 defringendo,
349 2089 531 2127 usurpare
541 2075 748 2113 videantur.
781 2076 882 2112 Nam
898 2075 993 2112 illud
1004 2075 1164 2113 alterum

70 2140 204 2179 genus,
231 2129 334 2181 quod
361 2136 416 2175 est
445 2129 690 2181 temporibus,
721 2128 824 2177 locis,
855 2127 926 2167 reis
953 2128 1164 2176 definitum,
