1429 2344
195 50 275 95 274
336 48 412 88 DE
441 49 736 100 ORATORE,
767 50 866 90 LIB.
886 50 945 90 11.
976 50 1162 96 Car-77.

196 169 243 194 ex
261 157 438 195 omnibus
461 157 519 195 his
545 159 656 196 rebus
680 170 738 196 res
762 171 840 209 prae
864 158 972 198 nobis
997 166 1053 198 est
1075 155 1241 203 ferenda,
1261 160 1306 193 ut

196 210 292 247 nihil
311 210 428 258 aliud,
449 210 524 249 nisi
535 211 666 250 docere
684 211 779 250 velle
793 211 1009 250 videamur:
1033 212 1188 263 reliquae
1202 209 1302 255 duae,

194 263 304 300 sicuti
322 263 474 314 sanguis
492 265 532 302 in
547 265 776 315 corporibuS‚
797 265 848 304 sic
866 265 970 304 inae
959 279 999 304 111
1013 264 1202 326 perpetuis
1219 275 1303 300 ora-

195 316 361 355 tionibus
387 317 483 355 fusae
510 331 587 356 esse
614 318 818 356 debebunt.
858 319 964 357 Nam
988 327 1026 357 et
1044 317 1242 370 principia,
1266 321 1304 353 et

195 377 338 408 caeterae
363 377 486 421 partes
511 371 701 419 orationis,
721 372 768 409 de
786 372 923 423 quibus
940 373 1055 424 paulo
1076 379 1161 423 post
1183 381 1305 422 pauca

195 423 377 471 dicemus,
397 424 535 462 habere
552 425 650 463 hanc
667 425 746 463 vim
763 438 991 477 magnopere
1007 426 1158 472 debent,
1178 432 1235 471 ut,
1255 421 1305 460 ad.

195 489 328 514 eorum
346 485 504 526 mentes,
525 479 628 530 apud
647 491 740 530 quos
754 487 900 530 agetur,
918 479 1136 526 movendas,
1155 489 1306 529 perma-

196 542 286 568 nare
303 531 458 581 possint.

249 584 325 621 Sed
350 585 409 622 his
430 578 601 636 partibus
625 585 816 634 orationis,
841 599 927 637 quae
953 585 1022 624 etsi
1048 585 1144 623 nihil
1170 583 1306 621 docent

196 639 508 688 argumentando,
540 639 799 689 persuadendo
823 646 951 678 tamen
976 646 1012 677 et
1035 635 1305 677 commovendo

195 690 398 741 proficiunt
426 692 651 743 plurimum,
682 705 916 754 quamquam
941 692 1108 730 maxime
1132 690 1305 749 proprius

196 750 252 782 est
276 744 380 782 locus
403 752 440 783 et
461 746 502 783 in
524 746 751 784 exordiendo
775 753 812 784 et
835 747 875 784 in
899 746 1132 798 perorand03
1161 742 1307 794 digredi

195 804 326 835 tamen
352 800 400 836 ab
429 811 485 846 eo,
510 799 614 850 quod
637 800 872 851 proposueris
896 809 1011 851 atque
1031 812 1134 850 agas,
1157 809 1306 850 permo-

195 851 405 890 vendorum
432 853 648 891 animorum
674 866 800 901 causa,
824 867 922 904 saepe
948 853 1042 891 utile
1063 860 1128 891 est.
1169 851 1308 901 Itaque

197 904 271 951 vel,
291 905 502 944 narratione
520 907 702 957 exposita,
719 920 817 958 saepe
830 907 942 945 datur
955 907 1004 944 ad
1017 904 1307 945 commovendos

196 957 342 996 animos
378 959 611 1009 digrediendi
647 961 778 998 locus·
767 989 779 1006 ‚
819 961 878 999 vel
909 959 1140 1011 argumentis
1171 957 1307 996 nostris

195 1011 439 1060 confirmatis,
459 1014 519 1051 vel
538 1014 729 1051 contrariis
751 1013 935 1062 refutatis,
955 1015 1015 1051 vel
1033 1021 1192 1064 utroque
1209 1011 1307 1058 loco,

197 1065 258 1102 vel
286 1065 477 1113 omnibus,
504 1067 536 1104 si
559 1067 673 1104 habet
698 1080 781 1105 eam
807 1080 918 1105 causa
942 1067 1165 1118 dignitatem
1191 1072 1306 1115 atque

196 1118 359 1169 copiam,
378 1127 477 1158 recte
494 1120 535 1157 id
552 1120 632 1158 fieri
654 1128 800 1170 potest:
831 1133 959 1171 eaeque
983 1133 1104 1158 causae
1128 1126 1230 1165 sunt,
1257 1117 1307 1155 ad

196 1172 389 1222 agendum
407 1180 444 1210 et
462 1173 510 1210 ad
528 1175 754 1220 ornandum,
778 1174 1007 1224 gravissimae
1030 1181 1191 1225 atquep
1192 1171 1306 1210 lenis-

197 1225 316 1285 simae,
338 1240 424 1277 quae
441 1227 624 1277 plurimos
645 1227 768 1265 exitus
786 1228 878 1265 dant
895 1227 944 1265 ad
962 1226 1148 1287 ejusmodi
1166 1226 1306 1285 digres-

199 1278 358 1327 sionem,
379 1287 423 1316 ut
440 1280 498 1317 his
516 1280 606 1318 locis
624 1281 681 1318 uti
698 1281 820 1332 liceat,
845 1281 982 1331 quibus
1001 1280 1216 1318 animorum
1234 1279 1308 1315 im-

197 1340 306 1382 petus
333 1346 477 1381 eorum,
503 1334 570 1385 qui
594 1334 768 1382 audiunt,
792 1342 859 1372 aut
882 1334 1140 1386 impellantur,
1164 1339 1231 1371 aut
1254 1345 1312 1370 re-

200 1385 409 1424 flectantur.

250 1439 383 1491 Atque
403 1440 515 1478 etiam
535 1441 575 1478 in
593 1440 660 1479 illo
678 1440 909 1502 reprehendo
930 1453 1005 1489 eos,
1026 1441 1106 1492 qui,
1128 1453 1213 1492 quae
1234 1439 1308 1477 mi-

198 1493 301 1531 nime
330 1493 441 1532 firma
466 1507 520 1532 su
512 1502 566 1541 it,
594 1507 638 1532 ea
661 1495 785 1545 prima
809 1495 1002 1533 collocant.
1056 1495 1105 1532 In
1124 1507 1200 1545 quo
1226 1494 1310 1530 illos

198 1559 351 1597 quoque
370 1560 490 1585 errare
508 1548 679 1595 arbitror,
701 1549 781 1599 qui,
803 1548 833 1586 si
852 1548 1004 1599 quando
1024 1547 1080 1592 (id
1098 1547 1201 1599 quod
1214 1546 1310 1584 mihi

197 1611 396 1650 nunquam
425 1601 583 1651 placuit)
615 1602 742 1661 plures
771 1601 952 1639 adhibent
979 1609 1168 1652 patronos,
1198 1607 1242 1637 ut
1270 1600 1311 1636 in

199 1666 351 1704 quoque
380 1666 509 1691 eorum
535 1655 741 1692 minimum
766 1662 902 1715 putant
927 1668 1017 1703 esse,
1043 1655 1097 1692 ita
1121 1667 1210 1692 eum
1234 1653 1312 1703 pri-

199 1718 309 1744 mum
324 1707 456 1744 volunt
475 1708 605 1745 dicere.
636 1708 713 1745 Res
728 1709 829 1745 enim
843 1708 914 1745 hoc
928 1708 1106 1758 postulat,
1122 1714 1166 1744 ut
1180 1719 1309 1744 eorum

200 1760 481 1813 exspectationi,
513 1761 579 1811 qui
608 1761 782 1807 audiunt,
814 1774 931 1811 quam
961 1761 1151 1798 celerrime
1181 1772 1310 1798 occur-

200 1820 327 1850 ratur:
359 1813 420 1850 cui
445 1814 475 1851 si
498 1814 607 1851 initio
633 1814 864 1851 satisfactum
891 1826 966 1851 non
991 1815 1052 1861 sit,
1075 1813 1199 1851 multo
1223 1813 1311 1864 plus

201 1866 250 1904 sit
267 1866 307 1903 in
326 1867 473 1917 reliqua
491 1879 603 1904 causa
620 1867 883 1904 laborandum.
924 1867 1031 1904 Male
1058 1867 1160 1904 enim
1188 1879 1226 1904 se
1252 1879 1310 1904 res

200 1919 328 1966 habet,
349 1933 434 1971 quae
453 1932 528 1958 non
549 1920 690 1967 statim,
712 1928 755 1958 ut
773 1920 846 1958 dici
865 1927 984 1971 coepta
999 1927 1067 1967 est,
1083 1919 1216 1957 melior
1230 1919 1311 1958 fieri

202 1973 360 2010 videtur.
401 1973 518 2023 Ergo,
539 1980 583 2011 ut
599 1973 639 2010 in
658 1979 803 2011 oratore
820 1973 986 2024 optimus
1006 1973 1180 2024 quisque,
1205 1973 1258 2011 sic
1276 1980 1314 2011 et

201 2025 241 2062 in
260 2026 439 2071 oratione,
460 2026 720 2065 firmissimum
739 2026 916 2078 quodque
935 2027 983 2065 sit
1000 2026 1196 2078 primum;
1220 2027 1315 2064 dum

202 2079 300 2117 illud
321 2087 448 2117 tamen
470 2080 510 2118 in
537 2087 699 2132 utroque
724 2087 908 2127 teneatur,
936 2087 980 2118 ut
1005 2093 1062 2128 ea,
1083 2093 1170 2131 quae
1191 2080 1312 2118 excel-

201 2132 297 2182 lant,
318 2141 509 2172 serventur
528 2134 641 2172 etiam
668 2133 716 2171 ad
741 2133 1020 2185 perorandum:
1049 2133 1081 2173 si
1099 2145 1186 2185 quae
1202 2139 1313 2172 erunt
