1429 2344
202 91 283 130 238
339 91 416 131 DE
445 93 743 144 ORATORE,
773 94 873 133 LIB.
894 94 953 133 ΙΙ.
983 93 1088 133 CAP.
1108 93 1174 132 44.

204 212 352 250 semper
371 201 477 239 fortis
495 201 614 240 oratio
633 201 828 253 quaeritur,
848 201 913 240 sed
931 215 1030 253 saepe
1043 198 1204 253 placida,
1224 197 1314 236 sub-

203 253 334 302 missa,
365 255 475 301 lenis,
506 269 593 306 quae
617 256 786 294 maxime
810 255 1051 294 commendat
1074 267 1167 293 reos.
1211 252 1325 290 Reos-

203 314 333 344 autem
363 309 527 359 appello,
559 322 637 347 non
668 323 728 348 eos
757 310 872 348 modo
900 310 968 362 qui
993 315 1221 360 arguuntur,
1248 304 1314 344 sed

203 373 335 398 omnes
364 375 528 413 quorum
561 363 608 401 de
640 376 680 401 re
711 364 964 415 disceptatur:
1000 363 1052 401 sic
1083 362 1186 401 enim
1218 359 1311 398 olim

200 413 467 464 loquebantur.
513 417 668 454 Horum
695 417 813 468 igitur
839 417 1049 468 exprimere
1077 428 1200 454 mores
1229 426 1312 452 ora-

202 467 305 506 tione
320 469 457 518 justos,
478 469 658 521 integros,
679 484 718 508 re
737 472 884 519 'oiosos,
904 471 1069 519 timidos,
1085 469 1312 521 perferentes

202 520 446 572 injuriarum,
479 524 623 562 mirum
654 525 838 576 quiddam
868 525 990 563 valet:
1022 531 1059 561 et
1086 523 1158 561 hoc
1182 521 1242 560 vel
1270 520 1312 558 in

203 575 413 626 principiis,
436 578 495 615 vel
509 578 549 615 in
568 592 608 616 re
627 579 829 628 narranda,
849 579 909 616 vel
926 578 966 615 in
984 576 1208 629 peroranda,
1227 583 1313 613 tan-

203 635 284 666 tam
310 629 426 669 habet
452 632 545 680 vim,
574 632 605 670 si
624 640 679 670 est
698 633 862 671 suaviter
879 640 916 670 et
934 645 1023 671 cum
1042 643 1152 669 sensu
1177 635 1312 667 tracta-

203 688 302 731 tum,
340 691 384 722 ut
415 698 514 736 saepe
545 686 633 736 plus
666 700 784 738 quam
816 699 928 724 causa
959 686 1094 724 valeat.
1139 683 1313 721 Tantum

203 743 334 774 autem
353 738 512 776 efficitur
531 753 642 778 sensu
661 740 842 792 quodam,
863 753 906 778 ac
924 739 1069 777 ratione
1086 736 1248 785 dicendi,
1268 742 1312 773 ut

203 791 313 840 quasi
339 804 462 830 mores
492 794 648 832 oratoris
673 794 827 845 effingat
856 793 984 832 oratio.
1034 792 1182 830 Genere
1211 789 1313 828 enim

202 844 370 895 quodam
389 847 674 895 sententiarum,
696 855 732 886 et
749 861 884 899 genere
903 849 1117 894 verborum,
1141 843 1313 883 adlfibita

203 897 318 936 etiam
337 899 482 938 actione
499 901 590 949 leni,
611 901 907 952 facilitatemque
932 899 1172 952 significanti,
1198 897 1312 936 effici-

202 957 278 1000 tur,
307 960 350 990 ut
375 954 499 1004 probi,
529 962 573 993 ut
597 957 694 993 bene
718 956 869 1005 morati,
896 961 939 993 ut
963 953 1056 994 boni
1073 953 1142 992 viri
1161 964 1240 990 esse
1257 951 1313 989 vi-

201 1004 374 1044 deantur.

256 1059 414 1099 XLIV.
444 1061 550 1100 Huic
569 1069 697 1100 autem
717 1070 772 1100 est
790 1062 858 1100 illa
875 1061 1002 1114 dispar
1021 1060 1201 1110 adjuncta
1218 1058 1315 1097 ratio

202 1113 396 1164 orationis,
426 1129 512 1166 quae
537 1116 611 1154 alio
638 1117 805 1168 quodam
823 1129 960 1167 genere
977 1122 1122 1153 mentes
1137 1113 1314 1163 judicum

201 1175 410 1218 permovet,
430 1169 682 1222 impellitque,
709 1178 753 1209 ut
779 1177 845 1207 aut
869 1169 1029 1218 oderint,
1050 1175 1116 1206 aut
1135 1167 1310 1218 diligant,

201 1228 269 1258 aut
294 1221 502 1272 invideant,
529 1231 596 1261 aut
622 1225 770 1262 salvum
795 1224 925 1273 velint,
954 1230 1021 1261 aut
1038 1228 1224 1269 metuant,
1245 1227 1313 1258 aut

201 1282 366 1325 sperent,
394 1284 461 1314 aut
486 1277 653 1328 cupiant,
680 1285 746 1316 aut
771 1278 1010 1326 abhorreant,
1038 1283 1105 1314 aut
1121 1276 1312 1324 laetentur,

201 1335 269 1366 aut
287 1337 482 1379 moereant,
503 1339 569 1369 aut
588 1332 850 1380 misereantur,
871 1338 938 1369 aut
950 1330 1087 1382 punire
1100 1329 1231 1378 velint,
1248 1334 1315 1366 aut

201 1382 251 1420 ad
270 1396 331 1421 eos
350 1391 476 1422 motus
495 1385 745 1434 adducantur,
767 1385 798 1424 si
813 1386 880 1437 qui
897 1384 1051 1423 finitimi
1069 1390 1158 1421 sunt
1177 1389 1214 1421 et
1227 1395 1315 1434 pro-

200 1435 338 1488 pinqui
355 1437 414 1475 his
433 1451 476 1476 ac
494 1439 632 1477 talibus
652 1439 770 1477 animi
787 1437 1144 1490 perturbationibus
1178 1436 1314 1488 Atque

200 1489 298 1528 illud
317 1492 528 1541 optandum
547 1501 602 1531 est
620 1494 771 1542 oratori,
792 1501 836 1530 ut
854 1493 1023 1544 aliquam
1040 1490 1314 1544 permotionem

203 1544 421 1582 animorum
440 1546 509 1584 sua
524 1555 656 1598 sponte
669 1547 742 1598 ipsi
755 1547 913 1585 afferant
926 1547 975 1585 ad
988 1558 1140 1585 causam
1154 1543 1315 1594 judices,

201 1597 251 1634 ad
279 1598 333 1646 id,
362 1599 466 1650 quod
493 1601 636 1639 utilitas
662 1601 818 1639 oratoris
841 1601 950 1649 feret,
979 1598 1312 1639 accommodatam.

201 1649 368 1690 Facilius
383 1660 438 1690 est
453 1654 555 1691 enim
570 1662 781 1693 currentem
797 1657 857 1698 (ut
870 1655 993 1701 aiunt)
1009 1653 1178 1700 incitare,
1196 1664 1314 1702 quam

202 1716 438 1744 commovere
462 1708 720 1758 languentem.
768 1708 836 1746 Sin
865 1708 905 1746 id
935 1715 1001 1745 aut
1029 1719 1106 1745 non
1134 1706 1217 1753 erit,
1246 1711 1314 1742 aut

202 1758 272 1796 erit
290 1759 498 1808 obscurius,
519 1762 614 1799 sicut
633 1762 778 1799 medico
797 1761 982 1812 diligenti,
1009 1761 1233 1812 priusquam
1251 1771 1314 1796 co-

201 1819 314 1850 netur
344 1826 443 1863 aegro
461 1814 639 1853 adhibere
657 1815 899 1863 medicinam,
919 1827 996 1852 non
1015 1815 1139 1852 solum
1156 1814 1313 1851 morbus

202 1865 283 1914 ejus
303 1866 363 1903 cui
381 1867 524 1905 mederi
544 1870 656 1917 volet,
678 1869 743 1906 sed
757 1868 871 1906 etiam
890 1868 1119 1907 consuetudo
1138 1866 1310 1915 valentis,

202 1926 240 1957 et
267 1927 404 1958 natura
432 1922 609 1972 corporis,
641 1922 896 1973 cognoscenda
926 1929 980 1959 est
996 1936 1007 1968 3
1039 1921 1090 1959 sic
1120 1920 1310 1973 equidem,

203 1986 292 2010 cum
311 1975 507 2025 aggredior
526 1976 731 2027 ancipitem
749 1989 902 2014 causam
922 1983 958 2013 et
976 1988 1145 2026 gravem,
1165 1974 1214 2012 ad
1231 1973 1313 2012 ani-

201 2039 284 2065 mos
301 2028 476 2076 judicum
501 2029 795 2079 pertractandos,
824 2029 929 2068 omni
946 2036 1074 2067 mente
1091 2029 1132 2066 in
1151 2029 1196 2067 ea
1213 2027 1314 2078 cogi-

202 2081 344 2119 tatione
362 2083 528 2133 curaque
547 2096 684 2132 versor,
706 2091 750 2121 ut
768 2083 914 2131 odorer,
943 2096 1061 2135 quam
1079 2081 1316 2134 sagacissime

201 2135 357 2184 possim,
379 2136 473 2187 quid
491 2137 668 2185 sentiant,
690 2137 784 2188 quid
803 2137 1035 2185 existiment,
1056 2136 1150 2188 quid
1164 2147 1316 2187 exspec-

202 2194 296 2238 tent,
317 2189 411 2240 quid
430 2189 560 2240 velint,
581 2203 658 2244 quo
676 2190 812 2230 deduci
829 2190 998 2230 oratione
1011 2190 1192 2231 facillime
1208 2201 1319 2242 posse
