1407 2308
231 88 307 127 DE
329 87 712 137 INVENTIONE,
734 88 831 127 111ss.
848 88 904 127 ΙΙ.
926 89 1028 129 ΟΑΡ.
1044 92 1108 130 33.
1164 95 1215 132 95

124 196 192 246 [ne
210 195 262 234 sic
279 195 457 247 fecisset‚]
482 195 705 246 praecaveri3
736 202 772 234 et
797 195 1075 236 definitionibus
1093 205 1216 237 osten-

119 251 219 296 dere,
238 260 314 286 non
331 249 428 286 hanc
444 248 752 308 imprudentiam,
772 256 838 287 aut
851 263 993 299 casum,
1009 258 1075 289 aut
1092 264 1216 290 neces-

119 302 335 363 situdinem,
369 301 432 340 sed
465 301 651 362 inertiam,
689 302 970 353 negligentiam,
1004 303 1215 343 fatuitatem

119 355 305 393 nominari
321 361 500 406 oportere.
542 355 604 393 Ac
623 355 654 392 si
672 368 748 406 qua
766 356 994 395 necessitudo
1012 358 1215 409 turpitudi-

118 421 205 446 nem
224 408 410 446 videbitur
427 408 577 455 habere,
610 408 793 458 oportebit
821 422 886 459 per
916 410 1083 448 locorum
1112 424 1214 449 com-

116 462 292 499 munium
318 461 611 512 implicationem
640 461 922 512 redarguentem
948 463 1213 513 demonstrare,

119 514 266 566 quidvis
295 514 452 565 perpeti,
483 514 579 551 mori
608 513 770 565 denique
799 515 914 553 satius
942 515 1069 565 fuisse,
1099 531 1212 568 quam

114 567 300 617 ejusmodi
318 567 578 605 necessitudini
596 569 862 618 obtemperare.
901 569 1034 620 Atque
1058 577 1140 607 tum
1167 585 1213 608 ex

113 621 174 659 his
191 621 293 668 locis,
309 621 356 658 de
374 620 540 671 quibus
529 633 568 657 m
587 621 764 671 negotiali
782 629 886 671 parte
904 622 1046 660 dictum
1066 630 1132 671 est,
1150 625 1214 672 ju-

114 675 164 712 ris
183 681 219 712 et
238 674 422 725 aequitatis
440 681 613 711 naturam
631 674 815 724 oportebit
833 687 1010 726 quaerere,
1035 683 1085 723 et,
1106 677 1212 727 quasi

115 728 154 764 in
174 728 346 765 absoluta
367 726 582 788 juridiciali,
612 740 679 777 per
707 740 745 765 se
773 727 844 765 hoc
872 728 997 778 ipsum
1027 731 1074 767 31)
1104 731 1214 768 rebus

114 781 290 819 omnibus
308 781 506 840 separatim
524 780 763 818 considerare
802 781 935 831 Atque
963 781 1065 819 hoc
1055 795 1093 819 m
1110 783 1212 843 loco,

114 834 145 872 si
163 834 319 871 facultas
337 833 419 880 erit,
450 833 632 884 exemplis
650 833 706 870 uti
724 834 920 884 oportebit,
945 834 1082 884 quibus
1107 835 1146 872 in
1166 835 1215 873 si-

113 887 197 924 mili
225 886 461 925 excusatione
489 898 565 923 non
594 886 642 924 sit
669 886 868 936 ignotum3
900 895 935 924 et
964 888 1212 936 contentione,

114 939 234 990 magis
251 939 325 977 illis
342 939 610 990 ignoscendum
629 938 766 977 fuisse:
798 946 835 976 et
864 952 911 977 ex
940 939 1214 979 deliberationis

112 993 294 1044 partibus,
310 998 419 1044 turpe
436 999 502 1030 aut
514 991 648 1030 inutile
665 1005 742 1030 esse
756 993 906 1031 concedi
921 1005 1003 1030 eam
1018 1006 1112 1042 rem,
1129 1008 1214 1045 quae

113 1048 162 1084 ab
193 1046 401 1084 adversario
436 1045 634 1084 commissa
665 1045 737 1091 sit3
774 1057 1026 1096 permagnum
1056 1059 1146 1094 esse,
1177 1054 1214 1085 et

112 1111 252 1150 magno
269 1099 441 1137 futurum
460 1099 696 1147 detrimento,
723 1099 754 1136 si
779 1112 824 1136 ea
840 1112 897 1137 res
915 1101 962 1137 ab
981 1099 1039 1149 iis,
1059 1101 1126 1151 qui
1144 1113 1211 1152 po-

111 1159 281 1190 testatem
300 1152 440 1190 habent
458 1152 684 1201 vindicandi,
704 1152 873 1203 neglecta
886 1152 945 1190 sit.

164 1205 372 1243 XXXIII.
402 1205 587 1243 Defensor
605 1213 732 1243 autem
757 1206 940 1244 conversis
959 1206 1134 1244 omnibus
1153 1206 1211 1244 his

109 1259 279 1310 partibus
291 1258 427 1310 poterit
444 1259 512 1296 uti.
541 1258 717 1296 lVIaxime
734 1266 861 1297 autem
879 1259 919 1296 in
938 1259 1130 1297 voluntate
1147 1260 1213 1298 de-

109 1312 299 1350 fendenda
315 1311 621 1360 commorabitur,
642 1319 678 1350 et
695 1312 735 1349 in
754 1312 799 1350 ea
816 1325 856 1350 re
874 1312 1109 1362 adaugenda,
1126 1326 1212 1363 quae

109 1365 294 1403 voluntati
311 1365 424 1403 fuerit
441 1365 735 1416 impediment03
767 1373 803 1403 et
829 1378 866 1403 se
885 1366 984 1416 plus,
1015 1378 1131 1415 quam
1157 1366 1211 1403 fe-

110 1418 214 1466 cerit,
245 1418 364 1456 facere
382 1431 457 1456 non
475 1419 663 1469 potuisse3
695 1424 732 1455 et
756 1418 795 1455 in
822 1419 998 1456 omnibus
1017 1420 1127 1456 rebus
1147 1432 1211 1456 vo-

111 1472 297 1509 luntatem
329 1472 485 1522 spectari
513 1478 681 1522 oportere
702 1484 714 1515 3
749 1478 785 1509 et
819 1469 896 1522 [se]
931 1471 1101 1509 convinci
1133 1483 1208 1509 non

109 1537 230 1575 posse,
262 1525 364 1576 quod
392 1537 467 1562 non
497 1524 593 1562 absit
613 1537 636 1561 a
654 1523 790 1574 cu1p323
822 1530 859 1561 et
887 1537 934 1562 ex
964 1537 1031 1562 suo
1058 1525 1211 1562 nomine

109 1590 351 1616 communem
376 1577 575 1615 hominum
603 1577 861 1615 infirmitatem
889 1590 997 1629 posse
1025 1577 1209 1615 damnari.

109 1630 259 1669 Deinde
275 1630 371 1668 nihil
387 1630 579 1681 indignius
607 1643 697 1678 esse,
724 1643 840 1681 quam
869 1643 971 1679 eum,
1002 1630 1069 1682 qui
1097 1631 1210 1682 culpa

108 1691 244 1732 careat,
264 1683 447 1735 supplicio
464 1696 539 1721 non
558 1695 691 1722 carere.
725 1683 819 1721 Loci
843 1691 970 1721 autem
989 1696 1208 1722 communes

109 1737 344 1785 accusatoris,
366 1749 466 1775 unus
482 1737 522 1774 in
540 1737 780 1785 confessione,
802 1744 838 1774 et
855 1737 962 1785 alter,
983 1744 1124 1787 quanta
1141 1749 1209 1787 po-

107 1796 220 1828 testas
236 1790 413 1841 peccandi
437 1790 682 1841 relinquatur,
713 1790 744 1827 si
773 1791 888 1828 semel
912 1790 1127 1828 institutum
1147 1790 1207 1837 sit,

109 1850 152 1880 ut
170 1854 246 1880 non
265 1843 312 1881 de
329 1843 440 1892 facto,
460 1843 524 1881 sed
538 1843 585 1880 de
602 1843 691 1881 facti
709 1843 821 1880 causa
838 1851 1050 1894 quaeratur:
1081 1843 1209 1880 defen-

107 1895 199 1934 soris
217 1896 431 1947 conquestio
449 1896 669 1934 calamitatis
687 1897 781 1945 ejus,
801 1909 887 1947 quae
904 1908 979 1934 non
999 1896 1124 1946 culpa,
1146 1895 1207 1932 sed

109 1948 147 1986 vi
169 1950 311 1998 majore
338 1949 518 2000 quadam,
548 1949 733 1997 acciderit,
762 1956 798 1986 et
824 1949 871 1986 de
889 1949 1068 1986 Fortunae
1085 1955 1207 1998 potes-

110 2007 201 2049 tate,
221 2009 258 2040 et
270 2002 472 2040 hominum
490 2002 731 2048 infirmitate;
756 2009 792 2040 et
811 2003 868 2039 uti
887 2015 999 2039 suum
1018 2001 1203 2047 animum,

110 2065 185 2091 non
211 2062 401 2103 eventum,
421 2055 664 2093 considerent.
698 2056 747 2093 In
765 2055 902 2106 quibus
927 2055 1102 2092 omnibus
1120 2066 1207 2091 con-

111 2107 343 2156 questionem
361 2121 515 2147 suarum
534 2120 803 2155 aerumnarum,
828 2116 863 2146 et
887 2106 1114 2145 crudelitatis
1141 2106 1207 2143 ad-

111 2160 355 2200 versariorum
373 2161 683 2212 indignationem,
703 2162 821 2201 inesse
838 2159 1033 2211 oportebit.
1063 2159 1124 2197 Ac
1142 2171 1207 2197 ne-
