1407 2324
144 65 222 110 DE
241 71 445 111 CLARIS
464 70 850 120 ORATORIBUS,
863 69 966 109 CAP.
986 70 1046 108 18.
1089 69 1166 113 371

80 178 162 216 no?
189 177 248 216 At
273 190 389 229 quem
409 177 558 216 virum!
590 176 659 215 Dii
676 177 791 215 boni!
822 176 932 215 mitto
958 176 1092 223 civem,
1111 182 1176 212 aut

81 237 303 277 senatorem,
334 237 400 268 aut
430 231 717 281 imperatorem:
759 238 942 268 oratorem
974 229 1075 267 enim
1106 228 1177 266 hoc

81 284 163 321 loco
181 284 409 334 quaerimus:
438 284 523 334 quis
541 284 606 322 illo
625 283 771 334 gravior
786 283 825 320 in
836 282 1056 320 laudando?
1077 294 1176 319 acer-

81 336 163 374 bior
188 336 227 374 in
255 337 530 387 vituperando?
559 337 598 374 in
625 336 814 374 sententiis
832 335 1024 386 argutior?
1052 335 1091 372 in
1111 334 1178 371 do-

81 388 198 426 cendo
225 389 531 440 edisserendoque
558 389 729 427 subtilior
745 391 762 426 ?
792 389 955 426 Refertae
982 395 1070 425 sunt
1096 400 1177 425 ora-

81 442 199 479 tiones
225 443 387 492 amplius
412 450 563 480 centum
589 441 865 493 quinquaginta
888 445 998 492 (quas
1023 440 1176 491 quidem

83 494 206 532 adhuc
223 494 443 541 invenerim,
464 502 500 532 et
518 495 689 546 legerim)
709 502 745 532 et
757 494 878 532 verbis
896 502 933 532 et
950 495 1060 531 rebus
1071 493 1177 530 illus-

82 547 212 585 tribus.
243 547 351 586 Licet
365 561 411 586 ex
422 547 481 585 his
496 548 636 598 eligant
650 561 706 594 ea,
720 561 805 598 quae
816 547 1006 584 notatione
1018 553 1054 584 et
1066 545 1179 583 laude

81 599 197 650 digna
215 600 314 646 sint3
343 613 472 638 omnes
497 601 664 638 oratoriae
682 601 837 638 virtutes
863 600 903 636 in
923 599 974 637 eis
992 599 1179 649 reperien-

83 658 156 689 tur.
196 653 289 691 Jam
317 667 402 692 vero
431 657 459 676 “
479 653 681 703 Origines''
710 655 790 702 ejus
817 665 930 703 quem
957 652 1087 689 florem
1113 657 1179 688 aut

86 705 188 755 quod
206 707 336 744 lumen
356 707 576 757 eloquentiae
591 719 666 744 non
677 706 818 743 habent
834 708 850 743 ἓ
879 706 1080 743 Amatores
1090 704 1180 741 huic

85 758 233 805 desunt,
260 760 382 805 sicuti,
409 760 540 797 multis
561 761 641 808 jam
666 766 752 797 ante
777 759 933 805 saeculis,
960 765 996 796 et
1022 757 1182 795 Philisto

87 811 296 861 Syracusio,
318 820 354 850 et
372 813 444 862 ipsi
462 812 690 863 Thucydidi.
731 812 850 858 Nam,
871 818 914 848 ut
937 811 1073 848 horum
1092 822 1180 847 con-

86 864 169 901 cisis
187 865 391 913 sententiis,
410 866 599 903 interdum
615 866 725 902 etiam
738 877 812 902 non
827 864 913 901 satis
928 863 1078 914 apertis,
1094 875 1182 900 cum

87 917 280 963 brevitate,
310 925 392 955 tum
420 918 538 956 nimio
567 919 739 956 acumine
771 917 884 955 officit
911 917 1184 967 Theopompus

87 970 247 1008 elatione
274 978 386 1021 atque
413 971 613 1008 altitudine
639 971 814 1008 orationis
840 983 916 1007 suae
941 969 1060 1020 (quod
1081 968 1182 1006 idem

89 1022 214 1072 Lysiae
226 1023 514 1070 Demosthenes)
526 1037 537 1069 ς
554 1023 605 1061 sic
614 1023 766 1061 camnis
777 1022 985 1060 luminibus
999 1020 1185 1059 obstruxit

87 1074 168 1112 haec
186 1077 432 1126 posteriorum
451 1076 558 1127 quasi
577 1083 801 1126 exaggerata
819 1076 930 1113 altius
949 1074 1077 1112 oratio.
1107 1072 1182 1111 Sed

89 1135 126 1165 et
143 1129 182 1165 in
209 1129 342 1166 nostris
366 1129 512 1167 inscitia
531 1131 610 1176 est,1
626 1129 727 1180 quod
745 1130 772 1166 ii
793 1128 879 1178 ipsi,
900 1128 966 1179 qui
984 1128 1024 1164 in
1044 1126 1185 1165 Graecis

89 1181 310 1232 antiquitate
327 1183 571 1230 delectantur,
592 1182 710 1233 eaque
736 1182 953 1227 subtilitate,
975 1193 1090 1230 quam
1110 1179 1185 1216 At-

89 1234 203 1271 ticam
228 1235 433 1285 appellant,
458 1236 555 1273 hanc
580 1235 619 1272 in
639 1236 781 1272 Catone
800 1247 875 1271 non
901 1239 1085 1271 noverunt
1102 1231 1187 1282 qui-

90 1286 190 1324 dem.
235 1287 443 1338 Hyperidae
462 1289 594 1328 volunt
613 1301 689 1326 esse
714 1295 750 1324 et
768 1287 904 1337 Lysioe.
935 1285 1092 1323 Laudo:
1123 1283 1188 1322 sed

91 1351 158 1376 cur
176 1340 311 1377 nolunt
329 1340 482 1378 Catonis
499 1343 516 1378 Ρ
545 1341 675 1378 Attico
701 1352 835 1390 genere
860 1338 1007 1376 dicendi
1032 1351 1070 1376 se
1095 1350 1188 1387 gau-

93 1391 179 1429 dere
212 1392 353 1430 dicunt.
394 1393 587 1444 Sapienter
612 1394 652 1430 id
680 1393 845 1443 quidem.
885 1392 1017 1442 Atque
1041 1391 1188 1428 utinam

92 1444 342 1494 imitarentur,
363 1458 430 1483 nec
454 1459 536 1484 ossa
554 1447 690 1492 solum,
718 1445 781 1483 sed
808 1444 920 1482 etiam
940 1443 1186 1494 sanguinem!

95 1498 257 1535 Gratum
277 1506 332 1536 est
349 1506 489 1545 tamen,
509 1499 611 1550 quod
635 1499 778 1536 volunt.
819 1498 898 1536 Cur
922 1497 1036 1548 igitur
1056 1496 1190 1546 Lysias

95 1558 132 1588 et
152 1551 364 1602 Hyperides
384 1560 573 1600 amantur,
591 1565 678 1590 cum
690 1552 839 1603 penitus
852 1551 1045 1601 ignoretur
1063 1549 1157 1587 Cato
1171 1551 1190 1587 ?

96 1604 302 1654 Antiquior
330 1612 383 1642 est
409 1605 524 1654 hujus
554 1618 688 1651 sermo,
723 1612 759 1642 et
786 1604 959 1655 quaedam
985 1602 1193 1640 horridiora

97 1659 234 1694 verba:
265 1657 318 1694 ita
343 1658 443 1695 enim
470 1665 553 1695 tum
580 1659 854 1709 loquebantur:
883 1657 923 1694 id
947 1662 1068 1702 muta,
1089 1655 1192 1706 quod

94 1716 179 1746 tum
194 1710 258 1748 ille
275 1722 350 1748 non
368 1711 504 1761 potuit,
526 1719 562 1749 et
574 1711 668 1749 adde
682 1723 881 1755 numeros3
914 1708 991 1760 [et]
1008 1709 1127 1759 aptior
1145 1707 1193 1745 sit

97 1763 241 1800 oratio:
280 1763 362 1814 ipsa
392 1766 504 1802 verba
535 1777 730 1816 compone,
759 1771 796 1802 et
823 1763 930 1814 quasi
958 1767 1192 1811 coagmenta,

98 1815 202 1866 quod
226 1828 273 1854 ne
299 1817 422 1855 Graeci
449 1817 604 1868 quidem
630 1824 768 1855 veteres
793 1817 1077 1854 factitaverunt:
1110 1815 1192 1862 jam

98 1868 290 1906 neminem
308 1877 510 1920 antepones
521 1870 668 1908 Catoni.
697 1870 838 1908 Ornari
851 1868 1056 1906 orationem
1070 1865 1193 1903 Graeci

99 1928 249 1971 putant,
275 1921 306 1959 si
330 1925 529 1961 verborum
554 1923 880 1961 immutationibus
904 1927 1073 1965 utantur,
1101 1930 1195 1969 quos

101 1974 292 2024 appellant
307 1981 474 2025 Τροπους,
494 1983 532 2014 et
552 1976 820 2014 sententiarum
845 1973 1096 2023 orationisque
1118 1971 1195 2008 for-

101 2026 188 2073 mis,
203 2040 288 2077 quae
299 2035 432 2066 vocant
448 2036 643 2080 ΓΣχημωτοι.
672 2029 711 2066 N
714 2041 763 2066 on
781 2027 979 2066 verisimile
997 2031 1065 2071 est,
1078 2036 1193 2075 quam
1235 2053 1238 2057 .

102 2078 150 2115 sit
166 2078 206 2115 in
224 2087 383 2132 utroque
400 2094 534 2132 genere
551 2090 589 2121 et
606 2083 732 2120 creber
750 2088 786 2119 et
803 2081 998 2118 distinctus
1017 2077 1124 2116 Cato.

155 2131 318 2172 XVIII.
348 2133 431 2173 Nec
449 2147 535 2174 vero
552 2135 697 2186 ignoro,
710 2133 880 2173 nondum
898 2145 975 2172 esse
994 2130 1082 2171 satis
1100 2129 1197 2182 poli-
