1429 2344
170 71 195 109 6
283 68 360 109 DE
390 69 777 118 INVEN'FIONE,
807 69 904 109 Lm.
927 69 960 109 Ι.
991 70 1093 111 CAP.
1114 72 1151 111 6.

179 179 256 217 Hic
274 179 462 217 infinitam
481 185 518 216 et
535 178 761 216 immensam
786 179 874 217 huic
900 179 1056 217 artificio
1080 181 1278 218 materiam

179 234 362 281 subjicere
386 233 544 270 videtur.
586 232 808 270 Aristoteles
833 239 974 280 autem,
1003 233 1069 284 qui
1094 233 1182 271 huic
1208 234 1279 271 arti

177 287 344 347 plurima
361 286 581 335 adjumenta
599 292 712 336 atque
730 293 950 323 ornamenta
967 287 1278 334 subministravit,

180 341 300 378 tribus
327 340 367 377 in
393 340 591 389 generibus
615 351 741 376 rerum
767 339 904 377 versari
930 339 1087 377 rhetoris
1112 340 1280 378 officium

177 394 339 446 putavit,
367 392 672 439 demonstrativo,
692 392 947 440 deliberativo,
972 393 1154 441 judiciali.
1202 393 1282 431 De-

178 447 469 485 monstrativum
498 453 566 494 est,
593 445 695 497 quod
720 445 898 483 tribuitur
922 446 961 483 in
987 446 1145 495 alicujus
1172 454 1282 484 certae

179 514 347 552 personae
363 499 517 537 laudem
536 507 603 536 aut
621 499 956 549 vituperationem.
978 499 1279 548 deliberativum,

180 554 297 605 quod,
325 553 491 604 positum
515 553 556 590 in
582 552 847 602 disceptatione
874 559 911 590 et
935 553 1206 591 consultatione
1231 554 1283 591 ci-

179 608 260 654 vili,
272 608 387 645 habet
400 607 439 643 in
454 619 492 643 se
506 605 698 643 sententiae
712 605 937 643 dictionem:
956 605 1147 655 judiciale,
1163 607 1280 657 quod,

177 662 345 712 positum
368 660 409 698 in
431 659 588 708 judicio,
614 659 728 696 habet
755 658 795 696 in
817 672 855 696 se
873 659 1146 697 accusationem
1165 667 1202 697 et
1219 660 1284 698 de-

177 715 399 762 fensionem,
408 720 476 750 aut
485 712 704 763 petitionem
714 718 751 749 et
760 712 1041 750 recusationem.
1070 712 1138 760 Et,
1151 726 1285 763 quem-

180 768 389 806 admodum
424 773 551 804 nostra
587 765 741 815 quidem
778 765 851 802 fert
881 766 1023 816 opinio,
1049 766 1203 804 oratoris
1225 780 1285 806 ars

179 829 217 860 et
244 821 402 859 facultas
430 820 471 856 in
498 819 570 856 hac
597 816 754 856 materia
782 818 968 869 tripertita
991 819 1129 857 versari
1158 821 1286 858 existi-

177 874 319 913 manda
337 881 403 912 est.

233 928 310 967 VI.
340 929 446 965 Nam
476 926 732 976 Hermagoras
757 925 927 976 quidem,
958 938 1026 965 nec
1052 926 1146 978 quid
1169 927 1283 976 dicat,

179 982 383 1043 attendere,
412 993 480 1018 nec
505 979 599 1031 quid
623 979 857 1030 polliceatur,
885 980 1094 1031 intelligere
1122 981 1283 1030 videtur,

181 1036 248 1087 qui
273 1035 427 1073 oratoris
445 1033 642 1071 materiam
667 1033 707 1070 in
733 1045 885 1070 causam
911 1041 948 1070 et
970 1034 1010 1070 in
1036 1034 1284 1084 quaestionem

181 1090 245 1127 div
247 1089 336 1126 idat.
380 1088 545 1126 Causam
570 1099 647 1124 esse
673 1085 763 1123 dicit
787 1098 882 1134 rem,
909 1099 995 1137 quae
1020 1087 1157 1125 habeat
1181 1088 1220 1125 111
1246 1102 1285 1127 58

180 1142 471 1181 controversiam
497 1140 537 1178 in
555 1139 712 1178 dicendo
735 1139 911 1190 positam,
932 1152 1021 1178 cum
1038 1153 1284 1192 personarum

180 1203 367 1234 certarum
391 1192 696 1244 interpositione3
725 1205 843 1244 quam
871 1206 939 1231 nos
968 1207 1120 1245 quoque
1148 1196 1285 1234 oratori

180 1250 342 1288 dicimus
370 1262 447 1286 esse
472 1247 716 1285 attributam·
746 1258 837 1284 nam
863 1254 937 1284 tres
962 1248 996 1285 ei
1024 1255 1162 1298 parteS,
1191 1263 1286 1300 quas

179 1310 267 1341 ante
281 1302 462 1349 diximus,
471 1300 733 1351 supponimus,
743 1299 976 1349 judicialem,
986 1301 1284 1352 deliberativam,

180 1356 525 1395 demonstrativam.
574 1353 834 1400 Quaestionem
853 1362 981 1391 autem
1001 1367 1084 1392 eam
1103 1357 1283 1406 appellat,

180 1423 267 1461 quae
290 1408 455 1447 habeat
444 1421 485 1446 111
504 1421 542 1445 se
560 1407 848 1445 controversiam
866 1407 907 1444 in
925 1407 1083 1446 dicendo
1106 1409 1284 1459 positam,

180 1464 260 1501 sine
288 1470 474 1500 certarum
503 1473 748 1511 personarum
776 1461 1069 1511 interpositione,
1102 1462 1151 1499 ad
1182 1463 1285 1502 hunc

180 1516 339 1554 modum
354 1530 364 1553 t
385 1515 537 1566 Ecquid
556 1514 603 1552 sit
621 1515 765 1552 bonum
784 1522 918 1564 praeter
935 1514 1168 1553 honestatem
1183 1519 1200 1555 ἓ
1220 1530 1283 1555 ve-

180 1571 262 1608 rine
288 1569 362 1607 sint
387 1570 546 1606 sensus?
576 1581 661 1618 quae
681 1567 728 1605 sit
745 1567 881 1605 mundi
899 1568 1054 1607 forma?
1083 1582 1169 1620 quae
1195 1571 1282 1609 solis

179 1622 404 1673 magnitudo
417 1625 434 1660 ?
481 1620 589 1668 Quas
618 1621 855 1671 quaestiones,
891 1622 1023 1671 procul
1051 1623 1100 1659 ab
1129 1624 1284 1663 oratoris

178 1677 301 1715 officio
318 1682 492 1721 remotas,
511 1674 620 1711 facile
638 1687 768 1712 omnes
785 1674 993 1724 intelligere
1011 1675 1284 1716 existimamus.

178 1731 299 1776 Nam,
313 1730 450 1780 quibus
464 1728 504 1765 in
518 1729 630 1765 rebus
644 1740 796 1764 summa
808 1727 960 1778 ingenia
972 1728 1284 1780 philosophorum

175 1783 342 1834 plurimo
360 1795 449 1820 cum
466 1782 593 1818 labore
606 1788 802 1818 consumta
815 1781 1077 1832 intelligimus,
1093 1795 1168 1830 eas,
1191 1784 1287 1823 sicut

177 1837 323 1887 aliquas
340 1842 474 1887 parvas
492 1847 562 1882 res,
582 1834 719 1872 oratori
732 1834 947 1881 attribuere,
967 1848 1108 1886 magna
1121 1839 1287 1876 amentia

179 1890 338 1927 videtur.
384 1888 501 1936 Quod
526 1888 557 1925 si
581 1900 761 1937 magnam
786 1887 826 1924 in
851 1887 909 1925 his
936 1887 1192 1939 Hermagoras
1216 1891 1286 1929 ha-

176 1943 318 1980 buisset
340 1942 559 1980 facultatem
584 1940 708 1978 studio
734 1948 771 1979 et
795 1940 993 1992 disciplina
1011 1951 1282 1993 comparatam,

175 1996 377 2043 rideretur,
405 1995 522 2033 fretus
547 2007 616 2032 sua
641 1994 808 2041 scientia,
837 1994 977 2032 falsum
995 1995 1178 2046 quiddam
1197 2009 1286 2035 con-

176 2049 339 2086 stituisse
357 2049 404 2086 (18
421 2048 575 2086 oratoris
589 2047 724 2093 officio,
754 2054 791 2085 et
807 2060 883 2085 non
902 2048 996 2099 quid
1014 2061 1087 2096 ars,
1107 2049 1172 2087 sed
1190 2051 1284 2101 quid

177 2102 257 2152 ipse
274 2109 410 2152 posset,
440 2101 664 2151 exposuisse.
707 2101 748 2138 N
750 2113 824 2138 unc
844 2114 930 2138 vero
949 2114 993 2139 ea
1011 2101 1066 2139 vis
1084 2110 1139 2140 est
1157 2103 1196 2140 in
1215 2103 1284 2142 ho-

179 2155 294 2204 mine,
321 2163 364 2194 ut
389 2156 423 2193 ei
448 2155 570 2194 multo
595 2154 818 2193 rhetoricam
845 2154 953 2194 citius
977 2155 1062 2206 quis
1088 2155 1281 2205 ademerit,
