1429 2344
140 93 214 132 136
289 93 367 133 DE
397 92 694 143 ORATORE,
723 93 874 132 L113.1.
904 92 1009 132 CAP.
1029 91 1090 132 13.

132 214 297 253 cumque
325 202 371 240 de
398 215 547 253 genere,
576 201 616 240 id
642 208 780 251 orator,
801 201 846 251 si,
872 208 1072 253 tamquam
1099 199 1245 240 clientis

133 268 301 304 causam,
322 256 506 304 didicerit,
526 256 624 294 dicet
640 256 777 293 melius
795 263 832 293 et
849 255 1031 303 ornatius,
1048 267 1165 306 quam
1179 254 1245 292 ille

131 308 211 360 ipse
230 311 310 359 ejus
329 311 382 347 rei
400 310 573 348 inventor
587 317 701 361 atque
715 309 862 347 artifex.
892 310 999 347 Nam
1011 309 1043 347 si
1057 308 1142 360 quis
1157 307 1242 355 erit,

132 363 199 413 qui
218 364 289 402 hoc
308 364 421 411 dicat,
443 377 520 402 esse
543 363 729 415 quasdam
753 370 946 401 oratorum
964 362 1134 414 proprias
1160 374 1245 399 sen-

131 417 267 455 tentias
294 424 408 469 atque
436 431 579 464 causas,
608 425 644 455 et
669 425 855 455 certarum
881 430 1009 455 rerum
1033 415 1245 454 forensibus

133 471 306 508 cancellis
325 471 648 522 circumscriptam
663 471 881 516 scientiam3
911 470 1056 508 fatebor
1069 469 1246 521 equidem

132 525 173 560 in
192 524 251 562 his
269 525 392 575 magis
411 525 558 563 assidue
570 525 708 562 versari
724 525 824 562 hanc
835 532 1003 562 nostram
1015 523 1217 562 dictionem
1232 537 1243 560 ε

133 577 198 615 sed
217 584 345 616 tamen
364 579 405 616 in
425 579 484 616 his
502 578 593 630 ipsis
616 581 727 617 rebus
746 578 937 630 permulta
958 584 1060 626 sunt,
1081 590 1168 628 quae
1185 576 1249 615 isti

133 632 319 682 magistri,
341 633 409 683 qui
426 632 600 671 rhetorici
620 639 814 681 vocantur,
835 645 904 670 nec
929 631 1086 669 tradunt
1103 643 1172 669 nec
1193 637 1249 668 te-

134 692 237 722 nent.
268 686 368 733 Quis
387 686 490 724 enim
508 686 638 734 nescit,
654 686 867 724 maximam
882 685 960 724 vim
975 685 1151 723 exsistere
1165 697 1249 723 ora·

135 738 225 776 toris
239 739 279 777 in
298 740 501 778 hominum
514 740 707 778 mentibus
718 740 779 778 vel
797 739 846 778 ad
863 739 961 777 iram
975 746 1042 777 aut
1055 738 1104 776 ad
1115 737 1248 776 odium

136 800 203 830 aut
226 792 394 832 dolorem
413 794 628 843 incitandis,
649 794 723 842 vel,
747 795 795 831 ab
818 793 920 831 hisce
942 792 1077 830 iisdem
1099 805 1250 843 permo-

134 846 314 896 tionibus,
336 848 384 886 ad
402 848 597 886 lenitatem
615 822 987 898 misericordiamque
1005 846 1250 884 revocandis.

135 913 267 951 quare,
283 901 356 939 nisi
367 902 435 953 qui
448 909 601 939 naturas
612 901 829 949 hominum,
843 901 998 952 vimque
1011 913 1166 938 omnem
1177 899 1251 937 hu-

133 954 342 1003 manitatis,
359 968 565 1007 causasque
576 969 638 993 eas
653 955 792 1007 quibus
803 961 948 993 mentes
967 962 1034 992 aut
1044 954 1250 992 incitantur

135 1014 204 1045 aut
228 1008 486 1058 reflectuntur,
506 1009 658 1060 penitus
682 1008 927 1070 perspexerit,
954 1007 1126 1056 dicendo,
1147 1007 1252 1059 quod

137 1061 250 1110 volet,
279 1063 456 1113 perficere
483 1075 560 1100 non
588 1063 736 1123 poterit.
771 1062 899 1114 Atqui
926 1069 1027 1100 totus
1054 1061 1118 1100 hic
1145 1062 1251 1099 locus

137 1115 451 1167 philosophorum
477 1117 651 1168 proprius
677 1116 850 1162 videtur;
881 1128 1005 1167 neque
1024 1123 1162 1163 orator,
1188 1127 1253 1153 me

137 1177 302 1219 auctore,
324 1183 498 1222 unquam
522 1170 773 1221 repugnabit.
804 1169 883 1218 sed,
910 1183 1000 1208 cum
1022 1169 1097 1207 illis
1123 1169 1252 1220 cogni-

140 1223 283 1260 tionem
303 1237 431 1262 rerum
451 1224 684 1272 concesserit,
701 1223 827 1275 quod'
817 1236 857 1261 m
870 1237 915 1262 ea
926 1223 1050 1261 solum
1064 1222 1122 1260 1111
1141 1223 1250 1261 volu-

141 1276 238 1314 erint
257 1278 471 1324 elaborare3
500 1277 761 1316 tractationem
776 1277 967 1326 orationis,
983 1290 1070 1329 quae
1089 1276 1168 1314 sine
1187 1276 1256 1314 illa

140 1330 296 1368 scientia
318 1332 426 1369 nulla
450 1339 519 1381 est,
547 1332 619 1370 sibi
644 1339 833 1369 assumet:
863 1331 937 1369 hoc
958 1331 1061 1369 enim
1087 1338 1143 1368 est
1166 1343 1255 1381 pro-

140 1384 270 1434 prium
289 1385 458 1434 oratoris,
480 1386 584 1437 quod
603 1398 700 1436 saepe
722 1386 804 1434 jam
827 1384 922 1433 dixi,
943 1385 1061 1422 oratio
1080 1384 1204 1434 gravis
1220 1391 1256 1421 et

138 1446 286 1487 ornata,
309 1447 346 1477 et
365 1439 568 1477 hominum
588 1439 757 1477 sensibus
771 1451 814 1476 ac
832 1438 1026 1476 mentibus
1043 1449 1256 1477 accommo-

140 1491 240 1529 data.

194 1545 320 1583 XIII.
351 1546 504 1594 Quibus
519 1546 565 1585 de
579 1548 691 1585 rebus
702 1545 949 1585 Aristotelem
961 1553 998 1584 et
1011 1545 1256 1598 Theophras-

139 1606 226 1637 tum
245 1600 432 1651 scripsisse
450 1601 579 1639 fateor.
610 1601 685 1639 Sed
703 1600 802 1648 vide,
822 1613 870 1638 ne
888 1601 974 1649 hoc,
995 1600 1177 1649 Scaevola,
1198 1607 1255 1638 to-

140 1659 226 1690 tum
252 1653 300 1690 sit
318 1667 341 1690 a
359 1667 444 1692 me:
476 1667 567 1692 nam
587 1667 669 1705 ego,
692 1668 779 1706 quae
804 1660 893 1692 sunt
911 1654 1048 1692 oratori
1073 1666 1162 1691 cum
1180 1653 1257 1691 illis

141 1707 376 1756 communia,
389 1720 466 1745 non
478 1716 633 1746 mutuor
644 1710 692 1746 ab
704 1708 804 1753 11113;
825 1707 901 1756 isti,
917 1721 1004 1759 quae
1015 1707 1062 1745 de
1073 1707 1132 1745 1113
1144 1708 1256 1745 rebus

142 1760 352 1811 disputant,
373 1769 566 1799 oratorum
592 1775 670 1799 esse
692 1761 912 1799 concedunt.
943 1761 1081 1812 Itaque
1105 1768 1257 1799 caeteros

141 1814 257 1852 libros
283 1815 372 1852 artis
396 1815 459 1853 isti
477 1829 555 1853 suae
579 1815 747 1863 nomine,
767 1815 836 1853 hos
854 1815 1056 1853 rhetoricos
1071 1821 1108 1852 et
1125 1814 1257 1852 inscri-

141 1869 254 1916 bunt,
271 1875 308 1905 et
326 1869 530 1919 appellant.
561 1869 719 1907 Etenim
738 1881 826 1906 cum
845 1868 903 1905 1111
920 1868 961 1905 in
985 1867 1144 1906 dicendo
1162 1868 1256 1906 inci-

142 1921 268 1958 derint
291 1921 364 1959 loci
384 1922 504 1973 (quod
522 1936 687 1973 persaepe
707 1922 847 1969 evenit)
866 1930 911 1960 ut
928 1921 975 1959 de
993 1921 1080 1959 Diis
1098 1921 1258 1960 immor.

143 1974 298 2024 talibus,
315 1975 362 2013 de
375 1976 527 2026 pietate,
544 1976 591 2014 de
605 1975 817 2023 concordia,
834 1975 880 2013 de
894 1975 1074 2024 amicitia,
1095 1975 1142 2013 de
1153 1988 1258 2013 com-

143 2028 255 2066 muni
286 2028 442 2077 civium,
477 2030 523 2067 de
549 2029 766 2077 hominum,
800 2029 847 2067 de
877 2029 1051 2080 gentium
1077 2029 1178 2078 jure,
1211 2029 1259 2067 de

145 2082 336 2133 aequitate,
357 2083 405 2122 de
427 2084 691 2135 temperantia,
712 2083 759 2121 de
776 2083 1040 2134 magnitudine
1058 2082 1191 2131 animi,
1211 2082 1259 2120 de

143 2136 251 2174 omni
265 2136 415 2175 virtutis
433 2150 568 2188 genere
582 2138 629 2176 sit
643 2137 861 2184 dicendum,
877 2137 1098 2175 clamabunt
1112 2135 1256 2182 (credo)

142 2189 273 2230 omnia
295 2191 506 2241 gymnasia,
528 2198 641 2243 atque
660 2203 791 2231 omnes
809 2190 1123 2243 philosophorum
1150 2189 1256 2229 scho-
