1429 2344
189 41 215 78 2
307 38 384 79 DE
413 36 801 89 INVENTIONE,
831 38 929 78 Lm.
950 38 986 77 Ι.
1014 36 1119 78 ΟΑΡ.
1138 41 1176 77 2.

147 169 161 178 »
188 146 363 200 prodesse
387 157 599 197 nunquam.
645 144 790 194 Quare,
819 146 851 184 si
877 146 976 197 quis,
1004 146 1151 185 omissis
1169 144 1295 183 rectis-

190 202 294 240 simis
324 208 436 252 atque
465 199 734 238 honestissimis
764 199 896 238 studiis
924 199 1077 237 rationis
1107 207 1143 238 et
1168 198 1293 244 officii,

190 254 378 294 consumit
396 266 548 291 omnem
567 265 720 303 operam
738 252 778 290 in
797 253 1058 291 exercitatione
1083 252 1245 298 dicendi,
1266 251 1297 288 is

190 308 335 347 inutilis
354 307 438 354 sibi,
459 306 686 357 perniciosus
704 305 848 356 patriae,
869 306 958 344 civis
972 306 1109 351 alitur3
1131 305 1198 357 qui
1212 316 1298 342 vero

190 363 245 401 ita
273 373 352 399 sese
377 367 499 398 armat
525 359 752 410 eloquentia,
779 367 823 396 ut
847 372 923 396 non
950 371 1170 410 oppugnare
1195 371 1298 396 com-

189 415 305 453 moda
330 414 474 465 patriae,
502 413 566 450 sed
584 425 652 462 pro
670 412 729 450 his
748 425 985 462 propugnare
1004 413 1132 462 possit,
1153 412 1184 450 is
1203 411 1299 448 mihi

192 469 250 507 vis
277 475 313 506 et
339 467 414 504 suis
441 474 477 504 et
500 466 662 516 publicis
688 466 895 504 rationibus
920 465 1157 514 utilissimus,
1187 473 1301 516 atque

191 521 442 561 amicissimus
461 520 565 567 civis,
585 519 665 557 fore
682 519 841 557 videtur.

247 575 324 623 Ac,
345 574 376 611 si
394 574 570 611 volumus
584 573 700 621 hujus
715 573 781 621 rei,
802 585 888 623 quae
902 579 1055 610 vocatur
1073 571 1300 623 eloquentia,

195 629 272 667 sive
297 626 425 673 studii,
454 627 530 664 sive
556 626 658 673 artis,
686 625 763 663 sive
789 625 1061 663 exercitationis
1089 625 1301 674 cujusdam,

194 683 273 721 sive
291 680 478 718 facultatis
497 693 519 717 a
537 680 673 717 natura
694 678 883 729 profectae,
912 678 1142 716 considerare
1165 679 1304 729 princi-

193 736 330 788 pium;
359 734 587 784 reperiemus
605 732 645 769 id
664 745 710 771 ex
729 732 998 770 honestissimis
1017 732 1137 770 causis
1155 738 1303 781 natum,

194 796 310 840 atque
329 789 376 825 ab
395 787 548 837 optimis
566 786 774 823 rationibus
792 786 1016 836 profectum.

251 842 310 880 II.
340 841 446 878 Nam
464 840 538 878 fuit
557 839 749 891 quoddam
768 846 933 891 tempus,
953 852 1042 876 cum
1060 839 1101 876 in
1120 839 1219 890 agris
1237 839 1305 877 ho-

195 895 318 934 mines
346 894 486 944 passim
515 893 721 931 bestiarum
746 893 860 930 modo
888 894 1137 943 vagabantur,
1169 901 1205 930 et
1234 893 1306 930 sibi

195 949 298 988 victu
330 947 411 986 fero
442 947 560 985 vitam
591 948 875 996 propagabant;
913 958 982 984 nec
1013 947 1156 984 ratione
1187 946 1307 983 animi

197 1002 424 1054 quidquam,
453 1000 517 1038 sed
548 1000 727 1050 pleraque
759 999 901 1037 viribus
933 1000 1110 1050 corporis,
1145 999 1308 1036 admini-

197 1057 377 1094 strabant.
426 1053 611 1091 Nondum
642 1053 779 1090 divinae
807 1052 1012 1103 religionis,
1041 1065 1119 1090 non
1146 1053 1307 1090 humani

196 1109 311 1147 officii
335 1107 429 1145 ratio
455 1107 668 1144 colebatur:
699 1118 810 1143 nemo
836 1107 988 1156 nuptias
1016 1106 1160 1144 viderat
1184 1106 1308 1156 legiti-

197 1175 305 1200 mas:
334 1173 411 1198 non
430 1167 546 1197 certos
565 1160 768 1210 quisquam
787 1159 1008 1209 adspexerat
1025 1160 1185 1197 liberos:
1214 1172 1306 1207 non,

195 1216 260 1265 jus
286 1213 471 1266 aequabile
488 1213 582 1263 quid
600 1213 771 1250 utilitatis
789 1212 956 1261 haberet,
981 1220 1182 1264 acceperat.
1230 1212 1307 1261 Ita,

196 1275 350 1320 propter
366 1279 527 1305 errorem
542 1272 654 1316 atque
668 1266 916 1313 inscientiam,
937 1279 1034 1304 caeca
1051 1279 1094 1304 ac
1112 1267 1310 1304 temeraria

198 1320 431 1359 dominatrix
446 1319 564 1356 animi
578 1319 776 1369 cupiditas,
792 1320 840 1356 ad
856 1332 893 1357 se
908 1320 1150 1370 explendam,
1166 1320 1309 1358 viribus

200 1375 364 1426 corporis
375 1375 613 1420 abutebatur,
629 1372 949 1423 perniciosissimis
961 1373 1196 1411 satellitibus.
1217 1372 1310 1420 Quo

199 1436 369 1480 tempore
398 1426 569 1478 quidam,
600 1438 763 1476 magnus
791 1426 964 1464 videlicet
993 1427 1050 1465 vir
1079 1434 1117 1465 et
1146 1427 1307 1477 sapiens,

198 1481 387 1532 cognovit,
408 1493 494 1530 quae
511 1480 669 1517 materia
688 1486 794 1527 esset,
819 1486 856 1517 et
881 1486 1024 1530 quanta
1048 1480 1097 1517 ad
1121 1480 1310 1518 maximas

197 1548 256 1572 res
283 1533 557 1585 opportunitas,
585 1532 626 1569 in
652 1533 789 1570 animis
813 1533 1029 1582 hominum,
1059 1533 1090 1571 si
1115 1534 1200 1584 quis
1225 1546 1308 1571 eam

198 1587 480 1639 possetelicere,
502 1593 539 1624 et
551 1586 802 1636 praecipiendo
819 1587 1015 1625 meliorem
1034 1587 1211 1625 reddere:
1242 1588 1310 1638 qui

197 1641 382 1691 dispersos
409 1639 582 1677 homines
607 1640 647 1677 in
673 1640 785 1689 agris,
813 1647 850 1677 et
875 1640 914 1677 in
944 1640 1049 1678 tectis
1079 1641 1310 1679 silvestribus

187 1694 356 1741 abditos,
377 1693 520 1730 ratione
532 1692 699 1744 quadam
717 1693 901 1743 compulit
918 1706 1042 1731 unum
1060 1693 1100 1730 in
1118 1694 1260 1739 locum,
1275 1703 1311 1732 et

196 1746 461 1797 congregavit3
491 1753 528 1783 et
553 1758 614 1784 eos
639 1746 679 1782 in
698 1758 1012 1798 unamquamque
1029 1759 1109 1784 rem
1128 1747 1310 1785 inducens

195 1801 330 1840 utilem
360 1807 474 1850 atque
502 1799 714 1846 honestam,
740 1800 864 1849 primo
893 1807 1045 1851 propter
1069 1800 1309 1838 insolentiam

195 1854 455 1898 reclamantes,
486 1851 620 1889 deinde
644 1860 796 1903 propter
823 1852 1007 1891 rationem
1032 1860 1147 1904 atque
1171 1854 1309 1892 oratio-

194 1919 284 1946 nem
317 1905 519 1944 studiosius
551 1904 758 1953 audientes,
792 1918 839 1944 ex
871 1905 959 1944 feris
992 1913 1029 1944 et
1059 1907 1307 1955 inunanibus,

194 1962 306 1999 mites
330 1958 493 1997 reddidit
512 1966 549 1996 et
565 1966 792 1996 mansuetos.
834 1959 897 1997 Ac
915 1959 1012 1997 mihi
1031 1960 1187 2010 quidem
1206 1960 1310 1998 vide-

194 2022 257 2054 tur
280 2013 352 2050 hoc
382 2023 450 2050 nec
475 2012 588 2049 tacita
613 2024 682 2050 nec
701 2012 810 2063 inops
828 2012 977 2050 dicendi
995 2013 1178 2063 sapientia
1196 2013 1309 2063 perfi-

195 2081 278 2107 cere
296 2065 474 2116 potuisse,
495 2072 539 2102 ut
556 2065 729 2104 homines
747 2079 770 2103 a
789 2066 1059 2104 consuetudine
1079 2067 1202 2104 subito
1221 2079 1310 2104 con-

196 2125 371 2167 verteret,
391 2125 428 2157 et
447 2118 496 2157 ad
514 2118 677 2158 diversas
696 2119 783 2158 vitae
797 2119 958 2158 rationes
972 2119 1192 2159 traduceret.
1222 2124 1311 2171 Age
