1429 2344
162 104 215 140 24
269 101 345 141 DE
376 101 764 151 INVENTIONE,
795 102 893 141 LIB.
911 102 944 141 Ι.
974 102 1158 142 ΟΑΡ.24.

162 222 251 260 quae
270 210 318 248 ad
340 210 443 248 hunc
468 222 582 248 usum
608 211 813 248 oratorium
838 222 913 247 non
935 217 1129 262 tantopere
1154 209 1268 261 perti-

162 270 301 308 neant3
323 277 410 314 quae
425 271 619 302 versantur
636 264 676 301 in
695 264 947 314 philosophia,
968 277 1015 302 ex
1035 264 1174 315 quibus
1187 263 1270 300 haec

161 316 245 367 ipsa
273 317 548 364 transtulimus,
576 330 663 368 quae
686 318 882 355 convenire
907 317 1144 365 videbantur,
1175 329 1270 367 quo-

163 383 250 407 rum
270 371 394 407 nihil
384 383 424 407 m
451 370 592 408 caeteris
619 370 761 408 artibus
787 370 1082 408 invemebamus.
1137 372 1272 420 Atque

161 423 220 461 his
239 424 286 461 de
307 424 506 474 partitione
530 424 740 484 praeceptis,
767 423 807 460 in
831 424 936 461 omni
955 424 1115 462 dictione
1136 422 1272 461 memi-

163 477 261 514 nisse
280 478 479 537 oportebit,
496 484 539 514 ut
558 485 594 515 et
607 478 732 528 prima
749 490 912 528 quaeque
925 490 1025 528 pars,
1044 484 1088 514 ut
1106 477 1274 527 exposita

165 538 220 567 est
245 531 284 567 in
304 530 517 580 partitione,
540 531 591 567 sic
610 530 739 568 ordine
758 531 999 580 transigatur,
1020 537 1069 577 et,
1095 529 1273 568 omnibus

167 583 376 633 explicatis,
390 590 606 633 peroratum
626 584 673 621 sit
688 597 700 628 ς
729 584 800 621 hoc
814 583 942 631 modo,
958 590 1002 620 ut
1020 595 1067 620 ne
1081 583 1174 634 quid
1188 595 1274 633 pos-

166 637 297 684 terius,
338 645 475 687 praeter
510 637 802 685 conclusionem,
842 636 1036 674 inferatur.
1106 636 1275 673 Partitur

168 691 272 741 apud
291 690 516 728 Terentium
542 691 702 729 breviter
728 698 764 728 et
788 690 985 728 commode
1002 701 1116 727 senex
1133 689 1174 727 in
1191 689 1278 726 An-

169 743 266 792 dria,
287 757 376 795 quae
395 757 614 794 cognoscere
632 745 812 782 libertum
831 744 944 782 velit:

229 818 257 838 ‘⁶
277 817 338 854 Eo
356 824 480 868 pacto,
503 824 538 855 et
557 818 638 855 nati
656 817 789 865 vitam,
810 824 846 855 et
865 817 1065 856 consilium
1082 829 1213 854 meum

232 870 458 921 Cognosces,
480 878 517 909 et
535 872 629 922 quid
648 871 768 909 facere
787 871 827 908 in
846 870 917 908 hac
931 884 970 908 re
989 878 1025 909 te
1039 870 1194 908 velim.'’

173 959 325 1010 Itaque,
351 958 676 1010 quemadmodum
701 959 741 997 in
766 958 966 1009 partitione
993 957 1202 1009 proposuit,
1230 957 1283 996 ita

171 1020 312 1061 narrat,
333 1013 503 1063 primum
522 1013 602 1050 nati
621 1012 763 1050 vitam:

229 1085 257 1106 ‘⁶
278 1084 384 1121 Nam
403 1083 434 1122 is
452 1091 655 1135 postquam
675 1083 832 1122 excessit
850 1096 896 1121 ex
917 1083 1084 1135 ephebis,
1106 1083 1225 1131 Sosia,

228 1137 405 1175 Liberius
425 1137 577 1175 vivendi
595 1137 670 1175 fuit
688 1137 891 1189 potestas-'⁹

177 1223 329 1262 Deinde
348 1237 460 1262 suum
481 1224 704 1262 consilium:

231 1299 259 1319 “
279 1297 334 1336 Et
352 1310 455 1336 nunc
473 1298 513 1335 id
531 1311 685 1350 operam
704 1298 794 1337 do.'’

174 1385 338 1433 Deinde,
368 1385 461 1437 quid
490 1386 637 1424 Sosiam
666 1386 756 1424 velit
780 1386 914 1434 facere,
945 1386 985 1424 id
1015 1386 1118 1437 quod
1142 1394 1284 1438 postre-

174 1453 285 1477 mum
304 1440 430 1490 posuit
448 1440 488 1478 in
506 1440 720 1490 partitione,
741 1448 976 1490 postremum
995 1440 1108 1478 dicit:

231 1515 259 1535 “
281 1513 322 1551 N
324 1525 399 1551 unc
418 1521 530 1551 tuum
550 1521 605 1552 est
624 1513 834 1552 officium.'’

172 1604 512 1652 Quemadmodum
537 1604 654 1654 igitur
678 1605 740 1643 hic
765 1613 801 1643 et
825 1605 874 1643 ad
898 1606 1063 1656 primam
1092 1619 1285 1657 quamque

171 1666 319 1710 partem
338 1659 507 1709 primum
522 1659 686 1706 accessit,
703 1667 752 1706 et,
769 1660 946 1697 omnibus
960 1660 1153 1706 absolutis,
1169 1660 1286 1697 finem

173 1712 324 1750 dicendi
341 1712 453 1757 fecit,
443 1725 452 1734 ·
482 1712 533 1749 sic
552 1712 660 1749 nobis
685 1713 821 1762 placet,
843 1721 880 1750 et
904 1713 953 1750 ad
977 1713 1143 1763 singulas
1162 1720 1286 1763 partes

174 1766 361 1813 accedere,
393 1772 442 1811 et,
474 1765 651 1803 omnibus
670 1767 864 1815 absolutis,
884 1779 1067 1817 perorare.
1097 1766 1214 1803 Nunc
1239 1766 1286 1802 de

175 1818 459 1857 confinnatione
488 1818 677 1869 deinceps,
709 1819 763 1856 ita
799 1827 842 1857 ut
876 1819 968 1857 ordo
996 1819 1076 1870 ipse
1104 1819 1284 1870 postulat,

175 1871 474 1924 praecipiendum
494 1872 652 1910 videtur.

231 1925 392 1963 XXIV.
423 1925 670 1963 Confirmatio
685 1932 752 1973 est,
773 1939 841 1976 per
865 1940 996 1977 quam,
1020 1931 1289 1976 argumentan-

178 1979 242 2028 do,
262 1986 400 2016 nostrae
419 1991 541 2016 causae
560 1979 674 2016 fidem
690 1987 726 2017 et
745 1980 1004 2017 auctoritatem
1019 1987 1056 2017 et
1073 1979 1290 2016 firmamen-

182 2040 269 2071 tum
288 2031 464 2082 adjungit
489 2032 618 2070 oratio.
661 2033 792 2081 Hujus
815 2034 932 2083 partis
957 2039 1057 2071 certa
1081 2039 1170 2070 sunt
1193 2045 1289 2082 prae-

181 2093 302 2137 cepta,
331 2099 419 2136 quae
443 2086 481 2122 in
503 2086 653 2135 singula
677 2099 876 2123 causarum
902 2099 1039 2137 genera
1064 2085 1290 2123 dividentur.

181 2140 461 2177 Verumtamen
491 2151 567 2176 non
592 2139 878 2177 incommodum
898 2140 1059 2186 videtur,
1084 2138 1292 2190 quamdam

183 2193 333 2241 silvam,
357 2199 471 2244 atque
490 2192 687 2231 materiam
707 2193 937 2242 universam,
957 2200 1044 2232 ante
1068 2191 1297 2244 permixtam
