1407 2324
220 94 298 135 DE
325 95 618 147 ORATORE,
648 97 746 137 Lm.
767 96 850 136 111.
879 95 983 136 CAP.
1007 96 1068 134 14.
1122 95 1201 133 303

101 201 224 241 monis
251 203 462 254 quotidiani
489 217 532 243 ac
561 204 768 253 domestici,
794 205 882 243 libri
904 203 1139 250 confirmant,
1165 207 1202 239 et

101 255 212 293 lectio
231 263 398 294 veterum
417 264 622 306 oratorum,
645 266 682 296 et
704 262 914 309 po'e'tarum.
954 257 1091 307 Neque
1116 267 1202 293 vero

101 307 143 345 in
172 308 238 346 illo
266 310 382 348 altero
406 310 548 350 diutius
574 323 862 359 commoremur,
886 318 929 348 ut
953 310 1201 359 disputemus,

103 361 242 411 quibus
259 365 370 401 rebus
388 365 535 415 assequi
553 365 753 415 possimus,
773 371 817 402 ut
836 377 892 412 ea,
912 376 997 414 quae
1018 362 1201 408 dicamus,

101 413 371 466 intelligantur.
406 417 542 455 Latine
561 418 697 455 scilicet
715 417 884 464 dicendo,
905 416 1025 454 verbis
1043 414 1202 461 usitatis,

103 479 148 504 ac
164 469 312 518 proprie
330 470 671 508 demonstrantibus
690 484 745 517 ea,
766 485 851 522 quae
867 468 1065 520 significari
1079 480 1121 504 ac
1139 467 1204 504 de-

103 520 236 558 clarari
263 523 446 570 volemuS,
477 524 556 561 sine
585 524 764 574 ambiguo
789 525 900 561 verbo
928 530 993 560 aut
1020 532 1202 567 sermone,

102 585 180 610 non
198 574 310 613 nimis
328 576 443 626 longa
461 577 737 614 continuatione
755 579 969 623 verborum,
995 587 1069 612 non
1096 572 1205 610 valde

103 627 294 676 productis
318 629 377 676 iis,
405 642 490 680 quae
515 630 769 667 similitudinis
794 630 905 667 causa
931 642 976 666 ex
996 628 1076 664 aliis
1095 627 1206 664 rebus

103 680 391 728 transferuntur,
417 694 493 720 non
519 683 709 734 discerptis
728 682 929 729 sententiis,
949 693 1024 719 non
1043 692 1207 731 praepos-

105 733 192 770 teris
218 735 462 785 temporibuS,
482 748 558 774 non
582 736 744 774 confusis
766 736 944 786 personis,
964 747 1040 771 non
1062 740 1209 784 pertur-

106 787 194 823 bato
213 788 353 825 ordine.
382 788 489 836 Quid
506 790 655 827 multa?
679 797 757 826 tam
775 789 892 826 facilis
912 795 966 825 est
982 794 1062 824 tota
1079 798 1150 833 res,
1166 792 1210 822 ut

105 839 202 876 mihi
220 841 427 890 permirum
447 855 543 893 saepe
561 843 743 890 videatur,
765 855 852 880 cum
870 840 1056 878 difficilius
1070 838 1211 876 intelli-

105 899 230 942 gatur,
252 894 344 944 quid
367 902 546 944 patronus
571 895 660 933 velit
684 895 817 942 dicere,
841 907 958 945 quam
984 893 1014 931 si
1032 893 1110 942 ipse
1129 891 1208 939 ille,

105 945 173 995 qui
190 954 392 996 patronum
416 948 583 993 adhibet,
603 948 650 985 de
667 961 707 985 re
725 949 794 986 suit
811 948 960 985 diceret.
1001 945 1071 983 Isti
1090 944 1207 989 enim,

106 998 174 1048 qui
187 998 246 1040 ⁴ad
270 1011 338 1037 nos
360 1013 488 1049 causas
512 1001 698 1047 deferunt,
721 1001 775 1038 ita
798 1013 865 1038 nos
890 1001 1114 1050 plerumque
1137 997 1210 1047 ipsi

105 1051 253 1099 docent,
282 1060 326 1090 ut
351 1065 428 1090 non
454 1054 637 1092 desideres
662 1054 812 1105 planius
837 1054 921 1091 dici.
960 1052 1126 1090 Easdem
1151 1063 1209 1088 res

104 1105 233 1142 autem
252 1105 367 1144 simul
385 1119 428 1144 ac
450 1107 602 1155 Fusius,
629 1114 696 1144 aut
719 1114 839 1145 vester
865 1106 1019 1157 aequalis
1044 1105 1212 1154 Pompo-

106 1157 336 1209 nius,agere
354 1160 477 1210 coepit,
497 1172 575 1198 non
593 1173 714 1212 aeque,
734 1160 827 1211 quid
841 1160 980 1208 dicant,
996 1158 1067 1195 nisi
1082 1157 1213 1194 admo-

107 1210 202 1248 dum
231 1213 388 1261 attendi,
418 1213 611 1265 intelligo:
650 1214 703 1251 ita
734 1213 888 1252 confusa
916 1219 971 1250 est
999 1210 1131 1257 oratio,
1158 1210 1212 1247 ita

107 1266 339 1315 perturbata,
358 1266 456 1304 nihil
473 1274 518 1304 ut
535 1268 583 1304 sit
599 1266 782 1317 primum,
802 1266 898 1303 nihil
915 1273 959 1303 ut
978 1263 1211 1308 secundum3

110 1324 288 1368 tantaque
301 1318 498 1357 insolentia
513 1333 555 1358 ac
573 1321 685 1358 turba
698 1322 912 1366 verborum,
926 1325 969 1355 ut
983 1317 1113 1363 oratio,
1128 1328 1214 1366 quae

109 1370 241 1408 lumen
259 1371 435 1410 adhibere
453 1374 564 1410 rebus
583 1373 706 1419 debet,
727 1385 770 1410 ea
783 1372 1047 1410 obscuritatem
1062 1377 1098 1407 et
1112 1376 1216 1406 tene-

110 1424 197 1460 bras
219 1423 362 1471 afferat,
386 1432 499 1476 atque
525 1433 569 1462 ut
596 1424 874 1476 quodammodo
901 1424 974 1475 ipsi
1000 1423 1071 1460 sibi
1092 1422 1132 1459 in
1157 1421 1215 1458 di-

112 1476 229 1513 cendo
247 1479 457 1528 obstrepere
475 1478 684 1516 videantur.
724 1478 886 1526 Verum,
910 1478 941 1515 si
965 1477 1100 1527 placet,
1121 1487 1216 1526 quo-

112 1529 215 1566 niam
235 1529 314 1568 haec
333 1531 420 1568 satis
438 1544 558 1582 spero,
579 1531 683 1569 vobis
702 1531 855 1581 quidem
881 1537 976 1568 certe
994 1528 1215 1577 majoribus,

111 1582 269 1620 molesta
295 1590 331 1621 et
355 1584 488 1634 putida
511 1584 642 1634 videri,
667 1584 716 1622 ad
739 1585 884 1635 reliqua
902 1583 1095 1634 aliquanto
1113 1581 1218 1619 odio-

113 1635 210 1673 siora
227 1649 439 1687 pergamus.

166 1688 284 1727 XIV.
304 1690 430 1741 Atqui
447 1689 563 1738 vides,
582 1690 707 1742 inquit
725 1689 932 1738 Antonius,
949 1701 1035 1727 cum
1055 1687 1146 1725 alias
1159 1699 1218 1724 res

115 1754 286 1791 agamus,
307 1756 425 1793 quam
450 1751 487 1781 te
510 1743 620 1781 inviti
644 1743 856 1790 audiamus,
885 1742 952 1794 qui
977 1741 1112 1779 adduci
1134 1752 1220 1790 pos-

117 1808 263 1844 sumus,
284 1796 347 1838 (de
363 1809 426 1834 me
444 1797 545 1834 enim
564 1797 736 1845 conjicio)
755 1795 890 1834 relictis
910 1802 953 1832 ut
970 1796 1081 1832 rebus
1095 1792 1217 1831 omni-

118 1849 189 1886 bus
208 1856 245 1885 te
263 1855 460 1898 sectemur,
479 1857 516 1887 te
534 1850 756 1887 audiamus:
786 1849 838 1886 ita
862 1849 909 1886 de
930 1847 1089 1885 horridis
1107 1847 1218 1883 rebus

118 1901 251 1949 nitida,
272 1901 319 1939 de
334 1903 474 1951 jejunis
492 1903 617 1954 plena,
633 1902 679 1940 de
693 1902 921 1953 pervulgatis
934 1913 1031 1939 nova
1044 1898 1220 1950 quaedam

119 1961 175 1992 est
191 1955 309 1992 oratio
327 1962 404 1993 tua.

175 2006 320 2046 Faciles
350 2008 466 2057 enim,
491 2008 630 2060 inquit,
654 2007 816 2057 Antoni,
841 2014 964 2059 partes
989 2019 1042 2044 eae
1068 2004 1224 2042 fuerunt

121 2058 222 2107 duae,
245 2073 340 2111 quas
368 2061 483 2100 modo
512 2062 740 2113 percucurri,
767 2061 827 2099 vel
850 2060 974 2112 potius
998 2071 1104 2110 paene
1129 2070 1226 2108 pree·-

123 2112 220 2162 terii,
254 2113 392 2153 Latine
421 2115 616 2167 loquendi,
648 2116 835 2167 planeque
863 2112 1035 2152 dicendi:
1073 2111 1229 2163 reliquae
