1429 2344
193 129 273 168 438
302 128 379 167 DE
400 127 607 167 CLARIS
627 125 1018 176 ORATORIBUS,
1037 128 1143 169 CAP.
1156 128 1222 168 89.

205 237 382 285 majores,
402 235 608 275 excellente
635 242 720 274 tum
741 234 879 275 Crasso
907 242 944 275 et
970 236 1157 284 Antonio,
1176 234 1313 275 deinde

199 290 396 341 Philippo,
434 299 519 341 post
550 289 674 337 Julio,
708 303 796 328 cum
825 290 871 329 iis
899 290 990 342 ipsis
1018 290 1166 329 dicendi
1190 289 1312 340 gloria

197 345 502 395 comparabatur.
531 343 709 382 Primum
726 343 911 382 memoria
928 350 1048 391 tanta,
1067 351 1251 396 quantam
1269 343 1311 382 in

198 397 280 435 ullo
299 397 514 448 cognovisse
527 410 590 435 me
604 397 777 445 arbitror,
790 405 847 445 ut,
867 410 954 449 quae
973 410 1100 436 secum
1119 409 1314 436 commen-

200 457 301 488 tatus
320 458 428 497 esset,
456 464 500 489 ea
529 451 609 489 sine
634 451 771 502 scripto
796 451 920 490 verbis
952 451 1095 489 eisdem
1125 450 1311 499 redderet,

201 505 343 555 quibus
375 504 622 555 cogitavisset
662 505 750 543 Hoc
778 505 1000 554 adjumento
1028 505 1094 543 ine
1123 510 1230 542 tanto
1261 504 1314 543 sic

199 559 393 606 utebatur,
419 565 464 596 ut
483 571 550 596 sua
568 565 606 596 et
633 566 887 597 commentata
905 566 942 597 et
959 558 1110 610 scripta,
1136 564 1187 604 et,
1206 557 1316 596 nullo

200 611 400 660 referente,
433 612 563 650 omnia
589 611 890 650 adversariorum
921 612 1035 659 dicta,
1065 611 1314 650 meminisset.

200 665 377 704 Ardebat
398 673 528 704 autem
551 665 758 717 cupiditate
777 666 843 714 sic,
866 672 910 703 ut
936 666 976 703 in
1004 666 1111 704 nullo
1139 677 1314 716 unquam

200 719 423 770 flagrantius
442 719 612 757 studium
631 719 815 758 viderim:
845 719 998 757 nullum
1017 719 1120 758 enim
1143 719 1314 769 patieba-

202 779 266 810 tur
283 786 362 811 esse
380 773 496 820 diem,
518 773 612 824 quin
630 780 697 811 aut
714 773 755 811 in
773 773 854 812 foro
881 773 1033 821 diceret,
1058 779 1126 811 aut
1151 771 1313 810 medita-

200 833 306 864 retur
337 833 444 865 extra
479 827 634 864 forum.
676 826 881 878 saepissime
922 833 1051 865 autem
1090 826 1223 864 eodem
1252 825 1314 864 die

201 887 410 931 utrumque
426 880 599 918 faciebat.
626 880 896 932 Attuleratque
905 881 1065 918 minime
1076 880 1232 931 vulgare
1249 892 1315 930 ge-

201 945 276 972 nus
303 934 479 972 dicendi:
510 934 604 973 duas
631 934 788 986 quidem
819 947 894 982 res,
928 947 1023 986 quas
1047 946 1161 972 nemo
1189 933 1313 981 alius3

200 987 435 1047 partitiones,
456 988 595 1039 quibus
613 988 661 1026 de
679 990 791 1027 rebus
809 988 979 1026 dicturus
999 994 1108 1035 esset,
1128 994 1166 1026 et
1183 986 1318 1025 collec-

200 1041 346 1079 tiones·
335 1070 347 1086 ‚
378 1054 537 1088 memor,
558 1049 595 1079 et
613 1055 700 1094 quae
727 1050 849 1080 essent
866 1041 967 1080 dicta
990 1048 1134 1088 contra,
1154 1053 1318 1092 quaeque

201 1094 285 1145 ipse
306 1095 472 1133 dixisset.
514 1095 612 1133 Erat
641 1095 682 1132 in
711 1097 915 1133 verborum
933 1095 1131 1146 splendore
1150 1094 1315 1145 elegans,

200 1148 473 1200 compositione
497 1155 622 1199 aptus,
643 1149 822 1187 facultate
848 1148 1045 1199 copiosus3
1076 1160 1196 1199 eaque
1220 1155 1315 1196 erat,

203 1215 293 1240 cum
313 1215 465 1240 summo
483 1202 649 1253 ingenio,
672 1209 756 1240 tum
775 1201 1103 1241 exercitationibus
1120 1201 1315 1250 maximis,

203 1264 438 1294 consecutus.
468 1256 571 1294 Rem
589 1256 906 1306 complectebatur
923 1255 1154 1302 memoriter,
1173 1254 1318 1293 divide-

202 1310 270 1347 bat
288 1316 421 1355 acute3
452 1321 520 1348 nec
537 1309 849 1361 praetermittebat
872 1309 949 1348 fere
968 1309 1195 1361 quidquam,
1215 1308 1319 1360 quod

203 1370 300 1401 esset
317 1363 356 1400 in
375 1363 504 1410 causa,
534 1370 601 1401 aut
625 1363 675 1401 ad
706 1362 1026 1411 confirmandum,
1046 1369 1113 1400 aut
1142 1362 1192 1400 ad
1209 1362 1321 1401 resel-

203 1417 378 1455 lendum.
425 1417 517 1456 Vox
547 1429 696 1463 canora,
727 1423 764 1455 et
789 1416 938 1456 suavis:
968 1424 1096 1455 motus
1126 1422 1164 1454 et
1193 1422 1322 1467 gestus

206 1470 322 1508 etiam
355 1471 442 1521 plus
474 1471 564 1508 artis
590 1470 769 1517 habebat,
795 1483 914 1522 quam
943 1477 1022 1509 erat
1053 1469 1191 1508 oratori
1220 1469 1321 1508 satis.

207 1523 296 1562 Hoc
323 1524 441 1575 igitur
471 1524 703 1571 florescente,
734 1523 894 1563 Crassus
911 1531 967 1563 est
993 1531 1182 1570 mortuuS,
1206 1523 1322 1562 Cotta

207 1578 356 1629 pulsus,
382 1578 528 1628 judicia
553 1577 768 1617 intermissa
790 1578 907 1627 bello,
926 1590 996 1617 nos
1012 1577 1053 1615 in
1071 1576 1198 1616 forum
1216 1577 1322 1619 veni-

209 1643 311 1669 mus.

261 1684 511 1724 LXXXIX.
538 1685 636 1724 Erat
648 1684 878 1724 Hortensius
891 1684 933 1723 in
951 1684 1066 1731 bello,
1081 1683 1207 1736 primo
1220 1696 1322 1725 anno

207 1738 332 1787 miles,
362 1739 479 1778 altero
509 1740 686 1777 tribunus
722 1739 916 1777 militum.
905 1752 916 1762 ·
955 1738 1147 1789 Sulpicius
1174 1738 1321 1789 legatus

206 1794 352 1840 aberat,
383 1793 497 1830 etiam
523 1793 584 1830 M.
612 1792 829 1830 Antonius:
860 1793 1102 1830 exercebatur
1134 1791 1215 1829 una
1229 1791 1324 1852 lege

201 1846 394 1895 judicium
417 1846 563 1891 Varia;
593 1846 735 1884 caeteris
753 1852 906 1902 propter
923 1845 1069 1884 bellum
1086 1845 1321 1883 intermissis.

208 1899 292 1947 Qui
310 1900 524 1951 frequentes
542 1899 698 1938 aderant
716 1892 971 1950 (quamquam
989 1911 1059 1950 pro
1077 1911 1115 1937 se
1131 1897 1205 1949 ipsi
1223 1897 1324 1941 dice.-

209 1952 323 2002 bant)
344 1961 521 2001 oratores,
547 1965 625 1991 non
653 1953 710 1990 illi
729 1952 884 2004 quidem
902 1951 1105 2003 principes,
1121 1952 1169 1990 L.
1190 1951 1326 1996 Mem-,-

209 2006 312 2045 mius
338 2013 374 2045 et
393 2007 445 2055 Q.
466 2007 688 2058 Pompeius,
709 2006 776 2044 sed
802 2013 965 2044 oratores
992 2012 1135 2053 tamen,
1155 2012 1248 2044 teste
1265 2005 1325 2042 di-

208 2067 310 2099 serto
328 2067 488 2112 uterque
503 2060 708 2111 Philipp03
731 2060 840 2110 cujus
853 2059 895 2097 in
906 2058 1121 2098 testimonio
1134 2058 1326 2109 contentio

207 2121 249 2152 et
266 2114 344 2151 vim
365 2114 590 2153 accusatoris
607 2115 785 2161 habebat,
805 2120 844 2151 et
864 2113 1027 2165 copiam.

266 2167 438 2218 Reliqui,
458 2168 526 2220 qui
544 2175 628 2206 tum
646 2167 834 2219 principes
851 2168 1163 2215 numerabantur,
1182 2164 1224 2204 in
1241 2177 1327 2210 ma·

208 2220 431 2271 gistratibus
458 2229 593 2268 erant;
623 2221 866 2274 quotidieque
893 2220 971 2260 fere
988 2233 1012 2259 a
1040 2219 1148 2260 1101115
1171 2218 1212 2259 in
1237 2231 1327 2260 oon-
