1428 2308
269 70 346 109 DE
374 67 761 117 INVENTIONE,
792 68 889 107 L1B.
909 70 940 107 Ι.
970 70 1071 110 CM».
1090 75 1156 113 4⁰1
1209 77 1254 114 41

139 177 346 229 praeterita,
368 184 531 229 quatuor
548 188 596 214 ex
620 176 788 227 partibus
813 179 1088 226 argumentatio
1113 186 1248 220 tracta-

140 239 218 279 tur,
248 231 297 269 ad
321 231 424 268 hunc
448 230 630 268 modum:
664 229 835 277 Judices,
863 231 929 280 qui
954 244 1001 268 ex
1025 232 1108 283 lege
1130 235 1247 282 jurati

135 284 328 333 judicatis,
348 284 496 335 legibus
514 285 770 333 obtemperare
789 283 941 321 debetis.
973 284 1246 337 Obtemperare

137 345 267 375 autem
291 337 438 388 legibus
463 349 540 375 non
565 336 732 387 potestis,
759 337 830 374 nisi
856 336 909 383 id,
940 338 1041 388 quod
1066 340 1245 390 scripturn

137 398 193 428 est
229 391 269 428 in
301 391 397 442 lege,
436 390 672 441 sequamini:
717 390 820 440 quod
852 390 954 427 enim
986 392 1120 431 certius
1151 395 1245 445 legis

137 444 294 495 scriptor
320 444 578 482 testimonium
606 443 808 481 voluntatis
837 457 914 481 suae
940 445 1149 496 relinquere
1174 461 1243 498 po-

137 496 224 546 tuit,
245 510 376 548 quam,
397 497 500 548 quod
524 497 604 548 ipse
629 496 770 546 magna
795 510 883 534 cum
908 497 998 535 cura
1020 505 1133 550 atque
1156 500 1242 539 dili-

135 551 264 601 gentia
283 550 458 602 scripsit?
499 549 616 596 Quod
634 550 664 588 si
682 550 800 587 literae
818 562 894 588 non
913 558 1113 601 exstarent,
1133 566 1241 605 mag-

135 616 274 654 nopere
292 617 354 642 eas
373 603 659 655 requireremus,
680 610 724 640 ut
742 616 788 640 ex
811 603 869 640 his
895 604 1080 654 scriptoris
1107 608 1240 645 volun-

136 665 192 695 tas
212 665 518 708 cognosceretur;
550 669 618 694 nec
642 663 769 694 tamen
787 655 1066 706 Epaminondae
1084 661 1239 709 permit.

132 718 309 757 teremus‚
339 723 386 748 ne
414 710 445 747 si
470 717 578 760 extra
601 709 789 758 judicium
817 710 972 760 quidem
1000 719 1107 760 esset,
1137 721 1181 751 ut
1207 715 1239 752 is

132 764 240 802 nobis
259 764 481 801 sententiam
499 763 592 813 legis
611 763 940 813 interpretaretur;
970 764 1111 802 nedum
1134 778 1238 806 nunc

131 816 247 855 istum
267 817 470 867 patiamur,
490 829 578 854 cum
597 824 732 866 praesto
749 816 812 853 lex
831 816 891 864 sit,
911 829 987 854 non
1007 830 1053 854 ex
1072 831 1115 855 eo
1134 821 1237 870 quod

132 870 363 921 apertissime
381 870 562 919 scriptum
581 878 649 917 est,
670 869 734 907 sed
757 881 803 906 ex
826 882 869 907 eo
895 870 997 920 quod
1020 883 1097 908 suae
1116 885 1236 911 causae

131 923 318 970 convenit,
349 922 534 974 scriptoris
562 923 794 961 voluntatem
823 922 1070 973 interpretari.
1117 925 1236 972 Quod

129 977 161 1015 si
189 989 266 1026 vos,
296 976 454 1025 judices,
486 975 634 1026 legibus
661 977 918 1026 obtemperare
946 976 1102 1025 debetis,
1131 986 1167 1016 et
1194 980 1233 1017 id

129 1030 250 1068 facere
274 1042 350 1068 non
374 1029 540 1081 potestis,
568 1029 653 1077 nisi,
682 1029 784 1080 quod
805 1029 986 1080 scriptum
1006 1037 1061 1068 est
1078 1031 1117 1068 in
1136 1032 1232 1083 lege,

129 1083 355 1134 sequamini,
376 1083 469 1134 quid
487 1095 608 1120 causae
627 1090 694 1130 est,
715 1083 808 1133 quin
829 1083 944 1120 istum
964 1091 1092 1121 contra
1110 1085 1233 1135 legem

127 1137 255 1175 fecisse
280 1136 455 1185 judicetis
469 1138 487 1174 ?
525 1136 783 1173 Assumtionis
810 1143 938 1173 autem
966 1139 1234 1187 approbatione

127 1190 328 1241 praeterita,
358 1189 628 1241 quadripertita
654 1189 704 1227 sic
729 1190 793 1227 fiet
817 1190 1116 1239 argumentatio:
1153 1192 1233 1238 Qui

127 1256 384 1294 saepenumero
411 1255 478 1281 nos
504 1256 572 1294 per
598 1242 713 1280 fidem
740 1242 968 1290 fefellerunt,
997 1256 1128 1281 eorum
1151 1258 1232 1282 ora-

127 1297 220 1335 tioni
238 1296 354 1334 fidem
371 1296 509 1334 habere
526 1308 604 1334 non
622 1295 815 1334 debemus.
856 1295 898 1333 Si
916 1296 1009 1346 quid
1028 1296 1129 1334 enim
1148 1311 1232 1347 per-

128 1350 219 1388 fidia
253 1350 407 1387 illorum
443 1349 657 1387 detrimenti
694 1348 959 1399 acceperimus,
998 1361 1110 1387 nemo
1146 1351 1229 1398 erit,

127 1410 262 1454 praeter
290 1402 549 1453 nosmetipsos,
580 1415 696 1452 quem
720 1402 806 1450 jure
833 1414 1004 1439 accusare
1031 1402 1229 1452 possimus.

127 1458 190 1494 Ac
207 1455 332 1507 primo
349 1455 505 1506 quidem
524 1455 646 1506 decipi
663 1454 948 1492 incommodum
967 1462 1046 1501 est3
1075 1455 1228 1506 iterum,

127 1511 314 1554 stultum3
343 1509 466 1556 tertio,
486 1515 608 1559 turpe.
649 1507 975 1558 Carthaginienses
995 1504 1231 1561 autern‘per-

126 1576 225 1614 saepe
240 1563 321 1612 jam
340 1574 408 1600 nos
426 1561 650 1600 fefeHerunt.
680 1562 841 1599 Summa
859 1560 975 1611 igitur
993 1562 1159 1600 amentia
1177 1571 1232 1601 est

124 1617 165 1654 in
193 1628 324 1654 eorum
349 1615 423 1653 fide
449 1627 555 1666 spem
579 1615 730 1662 habere,
756 1627 919 1665 quorum
944 1615 1101 1664 perfidia
1123 1617 1231 1654 toties

126 1670 303 1720 deceptus
317 1668 377 1707 sis.
407 1669 581 1719 Utraque
600 1667 867 1718 approbatione
881 1668 1082 1718 praeterita,
1099 1669 1231 1719 triper-

125 1723 195 1761 tita
216 1723 273 1771 fit,
293 1722 364 1760 hoc
387 1728 496 1773 pacto
510 1736 521 1758 :
550 1721 636 1758 Aut
661 1728 877 1758 metuamus
903 1720 1231 1771 Carthaginienses

124 1783 283 1827 oportet,
313 1775 344 1814 si
370 1775 577 1813 incolumes
604 1787 665 1812 eos
690 1774 977 1825 reliquerimus3
1012 1782 1078 1811 aut
1100 1788 1231 1813 eorum

124 1831 258 1867 urbem
277 1829 483 1866 diruamus.
524 1828 586 1866 Ac
604 1834 772 1865 metuere
791 1827 946 1878 quidem
964 1839 1041 1865 non
1060 1835 1206 1878 oportet
1218 1842 1230 1865 ε

123 1889 238 1920 restat
255 1882 384 1932 igitur,
405 1889 450 1919 ut
467 1883 600 1919 urbem
620 1881 826 1918 diruamus.

178 1934 268 1973 XL.
297 1936 397 1973 Sunt
414 1942 556 1982 autem,
577 1933 644 1984 qui
663 1941 811 1984 putent,
831 1945 1107 1984 nonnunquam
1125 1946 1234 1984 posse

123 1988 386 2039 complexione
421 1986 666 2039 supersederi,
704 1999 792 2025 eum
823 1987 863 2025 id
894 1988 1136 2038 perspicuum
1169 1987 1230 2035 sit,

124 2041 228 2093 quod
246 2041 465 2080 conficiatur
483 2054 530 2080 ex
548 2040 852 2079 ratiocinatione:
883 2040 986 2091 quod
1011 2040 1043 2078 si
1067 2040 1146 2087 fiat,
1175 2040 1233 2078 bi-

124 2094 300 2145 pertitam
326 2108 479 2146 quoque
504 2094 584 2132 fieri
602 2094 983 2145 argumentationem,
1003 2093 1074 2130 hoc
1091 2093 1230 2131 modo:

67 2162 69 2164 ¹
122 2148 165 2185 Si
184 2148 341 2199 peperit,
363 2147 468 2201 virgo
486 2160 563 2187 non
583 2154 660 2186 est:
690 2146 836 2199 peperit
861 2153 1001 2184 autem.
1045 2145 1124 2184 Hic
1146 2146 1233 2185 satis

835 2210 862 2238 Ε
892 2200 916 2236 3
