1407 2308
242 87 320 130 DE
348 90 641 143 ORATORE,
670 93 768 133 Lm.
789 93 823 132 1.
853 93 956 133 CAP.
977 93 1041 132 40.
1113 94 1186 131 165

87 194 222 244 ωΙείο,
250 197 366 248 quod,
394 200 619 251 cuicumque
643 201 836 252 particulae
862 201 942 240 coeli
967 200 1188 245 officeretur,

90 248 264 298 quamvis
283 260 377 289 esset
394 254 540 303 procul,
556 255 697 292 mutari
710 255 857 292 lumina
873 255 1044 305 putabat.
1084 252 1191 300 Quid

88 304 208 340 vero?
236 303 440 343 clarissima
468 306 529 344 Μ’
546 307 653 345 Curii
681 321 806 356 causa,
838 308 898 345 M.
919 320 993 358 que
1013 305 1188 357 Coponii,

90 365 211 405 nuper
237 357 340 407 apud
368 360 632 407 centumviros,
663 374 739 412 quo
768 374 948 399 concursu
976 360 1190 407 hominum,

91 407 171 457 qua
201 412 473 461 exspectatione
505 412 657 451 defensa
689 414 766 451 est!
808 427 896 452 cum
928 413 979 459 Q.
1011 412 1190 460 Scaevola,

92 462 247 511 aequalis
266 470 303 500 et
320 465 463 516 collega
479 478 600 513 meus,
620 467 734 505 homo
753 468 924 505 omnium
943 474 979 504 et
997 465 1194 516 disciplina¹

88 513 185 562 juris
214 515 331 555 civilis
359 519 645 567 eruditissimus,
677 528 713 558 et
741 520 891 571 ingenio
919 519 1194 570 prudentiaque

93 567 343 618 acutissimus,
373 579 410 609 et
434 573 597 610 oratione
616 574 782 611 maxime
799 574 953 610 limatus
973 581 1085 623 atque
1105 573 1194 610 sub-

96 619 186 667 tilis,
212 629 325 673 atque
343 627 404 666 (ut
422 638 490 675 ego
509 626 606 663 soleo
625 626 760 673 dicere)
777 627 872 675 juris
891 626 1098 677 peritorum
1117 625 1193 663 elo-

96 675 377 724 quentissimus,
418 678 675 730 eloquentium
717 680 811 728 juris
848 679 1108 730 peritissimus,
1148 691 1194 716 ex

96 726 232 786 scripto
257 735 565 769 testamentorum
587 733 676 781 jura
699 733 926 779 defenderet,
953 739 1194 782 negaretque,

96 790 169 816 mm
192 789 390 831 postumus
409 791 445 822 et
462 792 586 832 natus,
614 793 663 834 et,
690 794 893 836 antequam
911 786 951 822 in
970 798 1078 822 suam
1097 792 1195 822 tute-

96 831 175 869 lam
190 835 360 883 venisset,
376 844 548 876 mortuus
562 846 668 886 esset,
683 839 870 876 haeredem
885 851 972 876 eum
987 851 1063 876 esse
1075 851 1196 888 posse,

98 885 166 935 qui
195 894 300 936 esset,
331 890 538 928 secundum
564 899 785 942 postumum
811 898 847 930 et
871 899 1005 928 natum
1033 898 1069 928 et
1097 904 1198 928 mor-

98 943 225 987 tuum,
239 941 356 980 haeres
369 943 585 982 institutus:
607 957 675 995 ego
690 945 922 982 voluntatem
937 944 1198 990 defenderem;

98 989 170 1029 hac
183 1005 270 1031 eum
285 1001 368 1032 tum
386 1004 512 1034 mente
525 996 652 1045 fuisse,
673 998 739 1048 qui
754 1004 1019 1036 testamentum
1039 997 1198 1044 fecisset,

99 1050 156 1092 ut,
184 1045 215 1083 si
239 1047 339 1086 filius
364 1061 440 1087 non
468 1057 575 1097 esset,
601 1051 668 1101 qui
691 1051 731 1088 in
757 1051 916 1089 tutelam
934 1050 1106 1098 venisset,
1136 1051 1198 1088 M’

99 1096 238 1136 Curius
263 1107 357 1139 esset
380 1102 510 1140 haeres.
552 1103 663 1141 Num
682 1104 821 1141 destitit
839 1111 997 1154 uterque
1015 1106 1199 1152 nostrum,

99 1150 141 1187 in
166 1151 210 1188 e‘a
234 1154 360 1201 causa,
379 1155 419 1192 in
437 1156 734 1204 auctoritatibus,
754 1157 794 1194 in
814 1157 1010 1207 exemplis,
1031 1157 1071 1194 in
1089 1164 1201 1195 testa-

98 1212 316 1245 mentorum
332 1207 518 1258 formulss,
547 1210 619 1248 hoc
646 1217 714 1259 est,
747 1210 788 1248 in
819 1210 944 1249 medio
972 1211 1058 1260 jure
1085 1211 1200 1258 civili,

99 1259 238 1296 versari
251 1261 268 1298 Ρ

154 1310 246 1350 XL.
275 1312 424 1354 Omitto
445 1317 527 1365 jam
549 1317 662 1367 plura
687 1316 862 1367 exempla
893 1328 1091 1354 causarum
1120 1328 1203 1354 am-

101 1362 371 1416 plissimarum,
387 1382 473 1420 quae
487 1377 575 1406 sunt
592 1370 906 1407 innumerabilia:
928 1369 1058 1420 capitis
1072 1370 1202 1418 nostri,

103 1428 202 1467 saepe
232 1427 353 1469 potest
384 1422 561 1469 accidere,
595 1429 639 1460 ut
670 1435 790 1461 causae
822 1430 1014 1460 versentur
1041 1423 1081 1460 in
1105 1423 1203 1471 jure.

103 1467 259 1509 Etenim
278 1473 329 1511 sic
352 1473 396 1511 C.
416 1475 658 1522 Mancinum,
679 1476 956 1514 nobilissimum
976 1483 1089 1527 atque
1107 1476 1207 1526 opti-

104 1533 215 1561 mum
239 1524 377 1574 virum,
403 1540 446 1566 ac
470 1529 717 1577 consularem,
745 1542 833 1567 cum
859 1542 946 1566 eum
971 1536 1123 1580 propter
1146 1529 1207 1567 in-

105 1575 246 1615 vidiam
271 1579 503 1618 Numantini
525 1581 672 1620 foederis
696 1589 987 1633 pater-patratus
1017 1595 1064 1620 ex
1094 1582 1133 1621 S.
1159 1582 1204 1621 C.

105 1627 354 1670 Numantinis
372 1633 584 1683 dedidisset,
605 1648 768 1686 eumque
785 1636 842 1673 illi
866 1647 943 1673 non
968 1635 1205 1687 recepissent,

105 1689 308 1736 posteaque
339 1686 545 1726 Mancinus
576 1688 734 1726 domum
765 1689 978 1737 revenisset,
1011 1701 1134 1740 neque
1165 1689 1206 1726 in

106 1743 279 1776 senatum
303 1738 456 1779 introire
474 1741 705 1788 dubitassem
736 1741 782 1779 P.
799 1742 983 1790 Rutilius,
1010 1741 1070 1779 M.
1091 1742 1206 1790 filius,

107 1788 284 1829 tribunus
310 1793 445 1843 plebis,
476 1793 523 1832 de
552 1802 682 1832 senatu
706 1795 817 1843 jussit
841 1795 962 1843 educi,
991 1794 1093 1845 quod
1120 1808 1208 1832 eum

107 1840 228 1881 civem
252 1853 405 1895 negaret
430 1859 531 1892 esse3
562 1848 652 1898 quia
675 1848 859 1886 memoria
886 1848 936 1886 sic
964 1855 1058 1885 esset
1082 1847 1210 1897 prodi-

107 1900 206 1944 tum,
236 1910 349 1948 quem
368 1906 473 1950 pater
496 1914 586 1938 suus
611 1908 677 1938 aut
694 1901 858 1952 populus
876 1901 1114 1947 vendidisset,
1143 1907 1211 1938 aut

108 1955 400 2001 pater-patratus
426 1953 638 2002 dedidisset,
673 1954 706 1991 ei
737 1954 890 1991 nullum
921 1967 998 1991 esse
1024 1952 1209 2003 postlimi-

110 1999 230 2040 nium.
272 2002 403 2051 Quam
427 2019 627 2057 possumus
645 2007 804 2057 reperire
830 2020 877 2045 ex
902 2006 1078 2044 omnibus
1097 2007 1210 2059 rebus

109 2052 281 2094 civilibus
309 2070 460 2097 causam
488 2060 839 2111 contentionemque
867 2061 1065 2108 majorem,
1092 2071 1210 2109 quam

113 2104 162 2143 de
177 2107 320 2158 ordine,
340 2111 387 2149 de
405 2112 566 2160 civitate,
586 2113 633 2150 de
650 2113 835 2160 libertate,
852 2112 899 2150 de
912 2111 1032 2164 capite
1046 2111 1212 2149 hominis

113 2161 340 2211 consularis3
369 2165 575 2216 prasertim
600 2178 688 2205 cum
713 2166 793 2204 haec
817 2177 894 2204 non
911 2165 951 2203 in
970 2164 1126 2204 crimine
1143 2163 1214 2204 ali-
