1428 2308
238 77 315 118 DE
336 76 850 126 INVENTIONE‚L113.
873 77 906 116 Ι.
937 77 1041 116 ΟΑΡ.
1062 80 1126 117 29.
1183 80 1234 118 29

136 201 202 239 qu·
191 187 289 238 :tque
309 197 356 222 ex
375 197 414 222 re
432 184 547 222 soleat
571 185 730 245 evenire,
751 185 1062 223 considerandum
1081 192 1149 233 est,
1169 185 1241 222 hoc

138 240 282 279 modo·
319 251 366 276 ex
401 238 613 289 arrogantia
644 239 789 286 odium,
827 252 874 276 ex
910 238 1109 276 insolentia
1140 251 1240 276 arro-

140 293 280 344 gantia-

195 346 344 393 Quarta
367 351 494 384 autem
519 358 605 396 pars
629 351 684 383 est
702 358 748 383 ex
766 345 825 391 iis,
853 358 946 396 quas
965 344 1122 394 negotiis
1142 344 1242 382 dice-

141 402 278 438 bamus
303 412 380 437 esse
408 398 619 445 attributas,
657 399 878 436 consecutio.
926 398 975 436 In
1005 398 1076 435 hac
1106 411 1158 435 eae
1186 411 1244 436 res

142 459 377 504 quaeruntur,
413 465 499 502 quae
530 460 677 501 gestum
710 452 903 502 negotium
937 460 1241 502 consequuntur:

143 506 326 557 primum,
356 505 458 556 quod
483 505 625 542 factum
645 513 713 551 est,
740 518 816 556 quo
834 505 873 542 id
892 505 1044 542 nomine
1064 505 1245 555 appellari

143 559 363 598 conveniat:
394 558 542 604 deinde,
572 559 652 607 ejus
679 559 768 596 facti
796 558 862 608 qui
891 559 964 596 sint
995 557 1181 608 principes
1209 564 1246 594 et

145 613 369 659 inventores,
400 612 467 662 qui
491 612 653 662 denique
681 612 908 650 auctoritatis
936 612 1017 660 ejus
1048 618 1085 648 et
1114 611 1246 648 inven-

146 666 258 704 tionis
286 667 584 715 comprobatores
612 672 725 715 atque
758 665 911 702 aemuli:
942 664 1089 711 deinde,
1120 677 1248 714 ecquae

148 719 193 756 ea
211 719 258 756 de
276 731 330 766 re,
350 726 416 756 aut
441 719 520 767 ejus
539 718 606 764 rei,
626 719 673 755 sit
690 719 767 764 lex,
788 718 1029 765 consuetudo,
1050 718 1159 764 actio,
1184 718 1248 765 ju-

148 773 306 819 dicium,
322 772 487 818 scientia,
503 771 702 808 artificium
717 785 727 808 ε
744 771 892 818 deinde,
908 777 1043 808 natura
1057 771 1151 818 ejus,
1165 783 1249 808 eve-

150 826 231 863 nire
248 826 363 875 vulgo
382 825 510 871 soleat,
530 836 579 861 an
604 824 803 862 insolenter
821 831 858 861 et
874 837 981 862 raro:
1010 830 1152 874 postea,
1181 823 1250 860 ho-

150 879 272 916 mines
297 878 337 915 id
361 878 431 915 sua
454 877 673 915 auctoritate
697 879 953 929 comprobare,
980 889 1028 914 an
1055 877 1194 914 offendi
1211 877 1251 913 in

151 932 224 979 his,
253 931 537 975 consueverint3
567 938 604 968 et
633 938 776 977 caetera,
807 944 892 981 quae
923 931 1066 967 factum
1098 929 1252 981 aliquod

151 985 336 1033 similiter,
352 984 548 1022 confestim
562 991 628 1021 aut
642 997 688 1022 ex
702 984 912 1031 intervallo,
928 984 1048 1021 solent
1062 983 1251 1034 consequi.

153 1038 316 1086 Deinde,
343 1045 545 1088 postremo,
572 1037 842 1074 attendendum
867 1044 935 1084 est,
961 1049 1056 1074 num
1076 1050 1161 1087 quae
1180 1049 1252 1083 res,

152 1105 199 1129 ex
218 1091 263 1129 iis
281 1093 391 1129 rebus
417 1105 503 1142 quae
529 1098 616 1128 sunt
639 1091 769 1141 positae
793 1091 833 1127 in
859 1091 1028 1141 partibus
1051 1090 1255 1127 honestatis

151 1151 219 1182 aut
233 1145 418 1191 utilitatis,
434 1151 708 1194 consequantur
721 1158 732 1189 3
750 1143 796 1181 de
810 1144 947 1195 quibus
961 1143 1001 1180 in
1015 1143 1257 1180 deliberativo

154 1210 290 1248 genere
307 1211 428 1235 causae
446 1197 655 1235 distinctius
674 1197 744 1235 erit
761 1197 975 1235 dicendum.
1017 1197 1079 1234 Ac
1097 1196 1256 1246 negotiis

156 1251 311 1302 quidem
325 1251 402 1290 fere
416 1265 473 1290 res
487 1264 554 1300 eae,
575 1264 668 1302 quas
682 1251 1074 1299 commemoravimus,
1095 1256 1183 1287 sunt
1200 1256 1257 1287 at-

154 1304 316 1342 tributae.

211 1357 373 1395 XXIX.
403 1357 542 1396 Omnis
567 1364 694 1395 autem
719 1356 1009 1408 argumentatio,
1030 1369 1115 1407 quae
1141 1368 1187 1393 ex
1212 1355 1258 1393 iis

158 1411 263 1459 locis,
293 1424 387 1462 quos
405 1411 796 1459 commemoravimus,
823 1417 1006 1458 sumetur,
1032 1416 1099 1447 aut
1122 1411 1259 1460 proba-

160 1463 246 1501 bilis
265 1471 331 1501 aut
345 1465 549 1502 necessaria
567 1464 716 1501 debebit
730 1477 818 1501 esse.
847 1464 1017 1510 Etenim,
1037 1469 1081 1500 ut
1097 1462 1260 1500 breviter

160 1517 428 1565 describamus,
444 1517 718 1568 argumentatio
737 1517 883 1555 videtur
902 1529 978 1554 esse
996 1516 1193 1554 inventum
1212 1528 1260 1552 ex

161 1570 290 1621 aliquo
315 1583 463 1621 genere,
489 1584 569 1608 rem
595 1570 763 1621 aliquam
789 1577 855 1608 aut
878 1569 1120 1621 probabiliter
1139 1576 1262 1606 osten-

161 1623 266 1671 dens,
283 1632 349 1662 aut
362 1624 562 1661 necessarie
576 1624 846 1661 demonstrans.
876 1622 1091 1661 Necessarie
1105 1622 1261 1659 demon-

162 1683 328 1714 strantur
354 1690 410 1725 ea,
441 1690 527 1728 quae
551 1677 671 1724 aliter,
701 1690 743 1715 ac
770 1677 960 1725 dicuntur,
991 1688 1060 1714 nec
1088 1675 1170 1713 fieri
1194 1687 1263 1712 nec

162 1730 313 1780 probari
320 1737 490 1781 possunt,
504 1730 575 1769 hoc
588 1730 702 1768 modo
717 1744 726 1767 τ
750 1730 791 1768 Si
804 1730 961 1781 peperit,
978 1742 1065 1766 cum
1080 1728 1159 1766 viro
1174 1740 1262 1766 con-

162 1783 306 1821 cubuit.
336 1784 422 1822 Hoc
435 1796 554 1834 genus
572 1783 875 1834 argumentandi,
891 1783 992 1834 quod
1005 1783 1046 1819 in
1059 1781 1266 1819 necessaria

164 1835 481 1875 demonstratione
513 1844 694 1885 versatur,
725 1837 894 1874 maxime
927 1842 1106 1874 tractatur
1136 1835 1176 1871 in
1209 1834 1268 1871 di-

165 1889 297 1938 cendo,
317 1897 384 1927 aut
400 1903 467 1941 per
492 1890 806 1941 complexionem,
834 1897 900 1927 aut
923 1902 991 1940 per
1014 1887 1265 1927 enumeratio-

164 1954 268 1991 nem,
295 1950 361 1981 aut
384 1957 451 1994 per
475 1943 684 1994 simplicem
709 1943 996 1981 conclusionem.
1041 1939 1265 1991 Complexio

166 2003 235 2043 est,
266 1996 307 2033 in
339 2010 430 2048 qua,
464 2004 594 2034 utrum
625 1997 858 2044 concesseris,
891 1994 1188 2053 reprehenditur,
1217 1991 1266 2029 ad

165 2048 268 2087 hunc
285 2050 468 2087 modum·
498 2050 540 2089 Si
557 2050 752 2101 improbus
767 2056 834 2097 est,
854 2062 920 2087 cur
938 2048 1083 2086 uteris?
1105 2059 1161 2084 sm
1180 2058 1267 2096 pro-

167 2103 253 2149 bus,
273 2116 338 2141 cur
356 2106 536 2142 accusas?
578 2103 826 2142 Enumeratio
841 2109 908 2149 est,
929 2102 968 2139 111
983 2115 1073 2152 qua,
1094 2099 1268 2150 pluribus

167 2157 279 2194 rebus
297 2156 487 2207 expositis,
508 2163 545 2196 et
562 2157 702 2195 caeteris
718 2155 931 2201 infirmatis,
952 2167 1030 2193 una
1043 2153 1189 2204 reliqua
1202 2163 1268 2190 ne-

871 2219 900 2245 D
929 2209 953 2244 3
