1429 2344
177 101 257 140 210
312 99 388 140 DE
418 99 713 149 ORATORE,
744 99 842 138 Lm.
865 100 922 138 11.
954 100 1058 139 CAP.
1084 102 1144 138 18.

167 221 279 259 opus,
313 216 427 259 atque
457 208 560 246 haud
593 208 708 246 sciam
741 220 789 246 an
821 208 868 246 de'
898 208 1076 246 humanis
1101 209 1278 260 operibus

170 262 282 312 longe
311 262 527 299 maximum
542 275 553 307 3
583 262 623 299 in
642 261 781 312 quibus
800 262 855 300 vis
874 261 1030 300 oratoris
1048 263 1276 314 plerumque

169 317 219 353 ab
245 315 428 366 imperitis
456 315 561 353 exitu
589 323 626 353 et
656 314 809 353 victoria
830 315 1046 364 judicatum
1077 316 1144 354 ubi
1172 316 1277 354 adest

169 376 338 406 armatus
357 369 602 416 adversarius,
623 370 691 420 qui
710 369 757 406 sit
776 376 812 406 et
830 368 1019 406 feriendus
1038 376 1074 406 et
1091 370 1276 420 repellen-

168 421 239 460 dus
254 436 264 460 ε
285 423 353 460 ubi
368 436 465 473 saepe
478 423 524 471 is,
541 423 608 473 qui
622 423 675 460 rei
689 423 865 460 dominus
879 422 1030 460 futurus
1045 431 1112 470 est,
1129 424 1274 462 alienus

169 483 283 526 atque
300 477 431 523 iratus,
453 485 519 514 aut
538 476 653 514 etiam
667 476 810 513 amicus
824 476 1034 514 adversario
1050 484 1086 514 et
1099 477 1275 516 inimicus

169 529 239 567 tibi
265 537 343 575 est3
375 543 462 567 cum
489 538 555 567 aut
580 530 770 567 docendus
795 529 827 567 is
849 538 917 577 est,
938 537 1004 566 aut
1023 529 1273 578 dedocendus,

168 590 235 620 aut
249 584 524 634 reprimendus,
545 591 612 621 aut
626 583 852 631 incitandus,
873 591 940 621 aut
953 583 1057 620 omni
1071 583 1213 621 ratione
1228 585 1276 622 ad

168 644 334 687 tempus,
366 637 414 674 ad
443 650 610 684 causam,
641 638 807 674 oratione
836 636 1090 674 moderandus
1116 637 1173 679 (in
1198 651 1274 688 quo

167 704 267 741 saepe
285 691 545 729 benevolentia
564 691 611 728 ad
629 691 776 739 odium,
796 691 928 728 odium
947 698 1074 728 autem
1093 691 1141 728 ad
1160 692 1274 729 bene-

167 744 371 782 volentiam
391 744 655 782 deducendum
674 752 771 792 est);
803 744 883 795 qui,
912 753 1110 795 tamquam
1129 745 1274 782 machi-

165 798 317 836 natione
342 799 485 849 aliqua,
513 805 597 835 tum
617 798 665 835 ad
685 798 933 846 severitatem,
961 805 1045 835 tum
1070 798 1120 835 ad
1144 798 1274 836 remis-

164 851 309 890 sionem
327 852 460 900 animi,
488 859 573 889 tum
598 852 646 889 ad
671 851 876 900 tristitiam,
903 859 987 889 tum
1013 851 1062 889 ad
1085 852 1272 901 laetitiam,

164 912 220 942 est
238 905 553 956 contorquendus.
584 906 775 944 Omnium
790 905 1060 943 sententiarum
1075 906 1272 956 gravitate,

161 959 337 997 omnium
362 961 564 997 verborum
594 959 836 1010 ponderibus,
865 967 920 998 est
946 960 1144 997 utendum.
1191 959 1271 997 Ac-

162 1013 270 1050 cedat
300 1020 446 1064 oportet
478 1013 574 1050 actio
607 1014 723 1061 varia,
753 1013 967 1060 vehemens,
996 1014 1110 1063 plena
1137 1013 1270 1057 animi,

163 1067 276 1116 plena
295 1067 459 1117 spiritus,
480 1067 594 1117 plena
612 1066 763 1113 doloris,
783 1067 897 1118 plena
915 1067 1092 1104 veritatis.
1144 1066 1193 1103 In
1212 1066 1272 1104 his

161 1120 338 1170 operibus
371 1120 402 1158 si
434 1120 519 1171 quis
548 1121 656 1157 illam
689 1128 810 1170 artem
840 1120 1178 1171 comprehenderit,
1212 1128 1270 1167 ut,

162 1180 362 1225 tamquam
383 1174 553 1220 Phidias,
575 1174 763 1212 Minervae
788 1175 940 1224 signum
967 1174 1110 1212 efficere
1127 1174 1269 1224 possit;

161 1240 238 1265 non
258 1241 360 1274 sane,
379 1227 703 1279 quemadmodum
722 1228 762 1265 in
781 1228 914 1278 clypeo
930 1228 1034 1265 idem
1053 1228 1118 1265 ille
1136 1227 1271 1266 artifex

161 1281 309 1319 minora
326 1281 393 1318 illa
411 1294 523 1331 opera
541 1281 661 1319 facere
679 1281 810 1328 discat,
830 1282 1028 1319 laborabit.

214 1335 381 1373 XVIII.
412 1335 519 1372 Tum
546 1334 730 1372 Catulus:
762 1336 853 1382 Quo
871 1335 943 1373 ista
960 1336 1106 1385 majora
1130 1348 1172 1373 ac
1197 1335 1269 1372 mi-

159 1389 336 1427 rabiliora
354 1389 487 1435 fecisti,
509 1392 552 1426 eo
570 1401 633 1426 me
651 1390 773 1438 major
793 1389 1020 1440 exspectatio
1040 1397 1155 1437 tenet,
1185 1389 1269 1440 qui-

160 1444 324 1480 busnam
349 1442 572 1489 rationibus,
602 1443 788 1494 quibusve
813 1443 1009 1493 praeceptis
1027 1456 1072 1480 ea
1089 1450 1195 1480 tanta
1214 1443 1269 1481 vis

158 1504 420 1547 comparetur:
452 1509 528 1534 non
551 1509 628 1547 quo
646 1509 733 1534 mea
751 1496 906 1547 quidem
921 1497 1004 1546 jam
1021 1496 1168 1534 intersit
1187 1500 1269 1538 (ne-

157 1563 233 1601 que
252 1550 355 1588 enim
381 1557 470 1587 aetas
494 1550 535 1587 id
559 1562 645 1587 mea
669 1550 867 1599 desiderat,
892 1557 928 1588 et
951 1550 1057 1588 aliud
1075 1550 1268 1601 quoddam

156 1616 276 1654 genus
302 1604 450 1641 dicendi
476 1616 543 1641 nos
569 1604 686 1642 secuti
712 1617 858 1652 sumus,
879 1604 946 1655 qui
965 1616 1165 1654 nunquam
1184 1616 1267 1641 sen-

156 1657 291 1695 tentias
311 1657 358 1695 de
376 1657 552 1694 manibus
568 1658 743 1706 judicum
762 1658 800 1695 vi
818 1657 987 1709 quadam
1005 1657 1182 1695 orationis
1202 1670 1267 1694 ex-

155 1711 345 1759 torsimus,
376 1724 418 1748 ac
436 1711 562 1761 potius
580 1711 736 1761 placatis
763 1723 892 1749 eorum
919 1711 1070 1759 animis,
1097 1717 1262 1758 tantum,

154 1771 343 1815 quantum
373 1764 445 1815 ipsi
469 1764 724 1814 patiebantur,
755 1765 1012 1815 accepimus);
1042 1763 1107 1801 sed
1137 1771 1264 1802 tamen

153 1818 225 1856 ista
255 1826 335 1865 tua,
367 1818 519 1855 nullum
546 1818 595 1855 ad
619 1831 733 1855 usum
758 1830 904 1865 meum,
931 1825 1082 1855 tantum
1107 1830 1264 1868 cognos-

154 1872 263 1910 cendi
282 1871 406 1910 studio
425 1871 624 1919 adductus,
645 1871 807 1922 requiro.
856 1872 940 1909 Nec
965 1871 1062 1908 mihi
1087 1884 1183 1922 opus
1209 1879 1264 1909 est

155 1926 289 1963 Graeco
307 1925 436 1976 aliquo
451 1925 614 1971 doctore,
632 1925 702 1975 qui
721 1925 817 1962 mihi
835 1925 1058 1976 pervulgata
1074 1933 1263 1976 praecepta

152 1979 338 2026 decantet,
366 1991 454 2016 cum
481 1979 560 2029 ipse
586 1991 785 2029 nunquam
811 1978 953 2026 forum,
981 1991 1182 2029 nunquam
1200 1979 1261 2016 ul-

151 2033 235 2070 lum
257 2032 460 2082 judicium,
489 2032 726 2083 adspexerit3
756 2040 800 2070 ut
824 2032 1089 2083 pen'pateticus
1113 2033 1178 2070 ille
1204 2032 1262 2070 di-

153 2087 250 2124 citur
266 2086 459 2124 Phormio.
484 2099 571 2124 cum
589 2086 623 2123 H
631 2086 800 2133 annibal,
817 2086 1048 2136 Carthagine
1063 2086 1258 2137 expulsus,

152 2140 352 2190 Ephesum
378 2140 426 2177 ad
445 2140 683 2178 Antiochum
704 2140 863 2178 venisset
882 2140 1004 2187 exsul,
1030 2152 1175 2191 proque
1200 2153 1257 2188 eo,

149 2194 251 2244 quod
284 2195 366 2243 ejus
393 2206 532 2232 nomen
560 2201 638 2233 erat
664 2194 805 2245 magna
830 2193 933 2245 apud
963 2206 1094 2232 omnes
1123 2193 1258 2244 gloria,
