<?xml version="1.0" encoding="UTF-8"?>
<!DOCTYPE html PUBLIC "-//W3C//DTD XHTML 1.0 Transitional//EN"
    "http://www.w3.org/TR/xhtml1/DTD/xhtml1-transitional.dtd">
<html xmlns="http://www.w3.org/1999/xhtml" xml:lang="en" lang="en">
 <head>
  <title>
</title>
<meta http-equiv="Content-Type" content="text/html;charset=utf-8" />
  <meta name='ocr-system' content='tesseract 3.04.00' />
  <meta name='ocr-capabilities' content='ocr_page ocr_carea ocr_par ocr_line ocrx_word'/>
</head>
<body>
  <div class='ocr_page' id='page_1' title='image "./operaern01ciceuoft_0162.png"; bbox 0 0 1429 2344; ppageno 0'>
   <div class='ocr_carea' id='block_1_1' title="bbox 173 72 1119 121">
    <p class='ocr_par' dir='ltr' id='par_1_1' title="bbox 173 72 1119 121">
     <span class='ocr_line' id='line_1_1' title="bbox 173 72 1119 121; baseline 0.002 -9"><span class='ocrx_word' id='word_1_1' title='bbox 173 75 245 112; x_wconf 74' lang='lat'>144</span> <span class='ocrx_word' id='word_1_2' title='bbox 319 73 395 113; x_wconf 89' lang='lat' dir='ltr'>DE</span> <span class='ocrx_word' id='word_1_3' title='bbox 425 72 719 121; x_wconf 86' lang='lat' dir='ltr'>ORATORE,</span> <span class='ocrx_word' id='word_1_4' title='bbox 750 72 848 112; x_wconf 76' lang='lat' dir='ltr'>Lm.</span> <span class='ocrx_word' id='word_1_5' title='bbox 871 74 904 113; x_wconf 90' lang='lat'>1.</span> <span class='ocrx_word' id='word_1_6' title='bbox 935 75 1119 114; x_wconf 45' lang='lat' dir='ltr'>Gneo.</span> 
     </span>
    </p>
   </div>
   <div class='ocr_carea' id='block_1_2' title="bbox 142 181 1276 1148">
    <p class='ocr_par' dir='ltr' id='par_1_2' title="bbox 165 181 1276 449">
     <span class='ocr_line' id='line_1_2' title="bbox 221 181 1276 234; baseline 0 -13"><span class='ocrx_word' id='word_1_7' title='bbox 221 181 316 221; x_wconf 87' lang='lat' dir='ltr'>XX.</span> <span class='ocrx_word' id='word_1_8' title='bbox 347 181 452 221; x_wconf 88' lang='lat' dir='ltr'>Huic</span> <span class='ocrx_word' id='word_1_9' title='bbox 476 182 541 220; x_wconf 86' lang='lat' dir='ltr'>ille</span> <span class='ocrx_word' id='word_1_10' title='bbox 565 181 827 233; x_wconf 83' lang='lat' dir='ltr'>respondebat,</span> <span class='ocrx_word' id='word_1_11' title='bbox 854 194 930 221; x_wconf 91' lang='lat' dir='ltr'>non</span> <span class='ocrx_word' id='word_1_12' title='bbox 957 196 996 222; x_wconf 89' lang='lat' dir='ltr'>se</span> <span class='ocrx_word' id='word_1_13' title='bbox 1014 194 1165 234; x_wconf 83' lang='lat' dir='ltr'>negare,</span> <span class='ocrx_word' id='word_1_14' title='bbox 1193 182 1276 221; x_wconf 80' lang='lat' dir='ltr'>De-</span> 
     </span>
     <span class='ocr_line' id='line_1_3' title="bbox 166 236 1276 288; baseline 0 -13"><span class='ocrx_word' id='word_1_15' title='bbox 166 237 403 275; x_wconf 90' lang='lat' dir='ltr'>mosthenem</span> <span class='ocrx_word' id='word_1_16' title='bbox 423 248 614 274; x_wconf 90' lang='lat' dir='ltr'>summam</span> <span class='ocrx_word' id='word_1_17' title='bbox 633 236 889 288; x_wconf 78' lang='lat' dir='ltr'><strong>prudentiam,</strong></span> <span class='ocrx_word' id='word_1_18' title='bbox 910 249 1178 288; x_wconf 84' lang='lat' dir='ltr'><strong>summamque</strong></span> <span class='ocrx_word' id='word_1_19' title='bbox 1196 237 1276 275; x_wconf 87' lang='lat' dir='ltr'>vim</span> 
     </span>
     <span class='ocr_line' id='line_1_4' title="bbox 165 290 1276 342; baseline -0.001 -13"><span class='ocrx_word' id='word_1_20' title='bbox 165 291 342 329; x_wconf 84' lang='lat' dir='ltr'>habuisse</span> <span class='ocrx_word' id='word_1_21' title='bbox 361 290 532 328; x_wconf 81' lang='lat' dir='ltr'>dicendi:</span> <span class='ocrx_word' id='word_1_22' title='bbox 564 290 627 328; x_wconf 89' lang='lat' dir='ltr'>sed</span> <span class='ocrx_word' id='word_1_23' title='bbox 647 290 723 328; x_wconf 88' lang='lat' dir='ltr'>sive</span> <span class='ocrx_word' id='word_1_24' title='bbox 740 290 805 328; x_wconf 86' lang='lat' dir='ltr'>ille</span> <span class='ocrx_word' id='word_1_25' title='bbox 823 291 894 329; x_wconf 91' lang='lat' dir='ltr'>hoc</span> <span class='ocrx_word' id='word_1_26' title='bbox 907 290 1059 342; x_wconf 83' lang='lat' dir='ltr'>ingenio</span> <span class='ocrx_word' id='word_1_27' title='bbox 1077 290 1276 342; x_wconf 86' lang='lat' dir='ltr'>potuisset,</span> 
     </span>
     <span class='ocr_line' id='line_1_5' title="bbox 166 344 1276 395; baseline -0.001 -13"><span class='ocrx_word' id='word_1_28' title='bbox 166 344 244 382; x_wconf 86' lang='lat' dir='ltr'>sive</span> <span class='ocrx_word' id='word_1_29' title='bbox 264 345 319 387; x_wconf 88' lang='lat' dir='ltr'>(id</span> <span class='ocrx_word' id='word_1_30' title='bbox 345 344 447 395; x_wconf 89' lang='lat' dir='ltr'>quod</span> <span class='ocrx_word' id='word_1_31' title='bbox 469 351 678 391; x_wconf 69' lang='lat' dir='ltr'>constaret)</span> <span class='ocrx_word' id='word_1_32' title='bbox 697 344 867 382; x_wconf 84' lang='lat' dir='ltr'>Platonis</span> <span class='ocrx_word' id='word_1_33' title='bbox 891 344 1079 383; x_wconf 88' lang='lat' dir='ltr'>studiosus</span> <span class='ocrx_word' id='word_1_34' title='bbox 1097 344 1276 382; x_wconf 85' lang='lat' dir='ltr'>audiendi</span> 
     </span>
     <span class='ocr_line' id='line_1_6' title="bbox 165 397 1276 449; baseline 0 -13"><span class='ocrx_word' id='word_1_35' title='bbox 165 398 322 443; x_wconf 78' lang='lat' dir='ltr'>fuisset;</span> <span class='ocrx_word' id='word_1_36' title='bbox 352 410 443 444; x_wconf 86' lang='lat' dir='ltr'>non,</span> <span class='ocrx_word' id='word_1_37' title='bbox 473 398 566 449; x_wconf 76' lang='lat' dir='ltr'>quid</span> <span class='ocrx_word' id='word_1_38' title='bbox 584 397 648 436; x_wconf 88' lang='lat' dir='ltr'>ille</span> <span class='ocrx_word' id='word_1_39' title='bbox 669 398 864 449; x_wconf 83' lang='lat' dir='ltr'>potuisset,</span> <span class='ocrx_word' id='word_1_40' title='bbox 892 398 956 436; x_wconf 84' lang='lat' dir='ltr'>sed</span> <span class='ocrx_word' id='word_1_41' title='bbox 975 399 1068 449; x_wconf 83' lang='lat' dir='ltr'>quid</span> <span class='ocrx_word' id='word_1_42' title='bbox 1086 398 1148 436; x_wconf 85' lang='lat' dir='ltr'>isti</span> <span class='ocrx_word' id='word_1_43' title='bbox 1166 398 1276 436; x_wconf 89' lang='lat' dir='ltr'>doce-</span> 
     </span>
    </p>

    <p class='ocr_par' dir='ltr' id='par_1_3' title="bbox 142 451 1276 1148">
     <span class='ocr_line' id='line_1_7' title="bbox 142 451 1273 503; baseline 0 -14"><span class='ocrx_word' id='word_1_44' title='bbox 142 492 144 495; x_wconf 59' lang='grc'>,</span> <span class='ocrx_word' id='word_1_45' title='bbox 165 459 263 499; x_wconf 86' lang='lat' dir='ltr'>rent,</span> <span class='ocrx_word' id='word_1_46' title='bbox 293 465 378 489; x_wconf 59' lang='lat' dir='ltr'>esser</span> <span class='ocrx_word' id='word_1_47' title='bbox 397 451 657 502; x_wconf 68' lang='lat' dir='ltr'>quaerendum.</span> <span class='ocrx_word' id='word_1_48' title='bbox 698 452 806 502; x_wconf 87' lang='lat' dir='ltr'>Saepe</span> <span class='ocrx_word' id='word_1_49' title='bbox 826 452 940 490; x_wconf 86' lang='lat' dir='ltr'>etiam</span> <span class='ocrx_word' id='word_1_50' title='bbox 958 452 998 489; x_wconf 84' lang='lat' dir='ltr'>in</span> <span class='ocrx_word' id='word_1_51' title='bbox 1018 465 1102 490; x_wconf 89' lang='lat' dir='ltr'>eam</span> <span class='ocrx_word' id='word_1_52' title='bbox 1126 459 1273 503; x_wconf 89' lang='lat' dir='ltr'>partem</span> 
     </span>
     <span class='ocr_line' id='line_1_8' title="bbox 166 505 1274 557; baseline 0 -14"><span class='ocrx_word' id='word_1_53' title='bbox 166 506 357 544; x_wconf 80' lang='lat' dir='ltr'>ferebatur</span> <span class='ocrx_word' id='word_1_54' title='bbox 386 505 566 553; x_wconf 84' lang='lat' dir='ltr'>oratione,</span> <span class='ocrx_word' id='word_1_55' title='bbox 598 512 643 543; x_wconf 92' lang='lat' dir='ltr'>ut</span> <span class='ocrx_word' id='word_1_56' title='bbox 667 505 836 554; x_wconf 91' lang='lat' dir='ltr'>omnino,</span> <span class='ocrx_word' id='word_1_57' title='bbox 870 505 1092 557; x_wconf 85' lang='lat' dir='ltr'>disputaret,</span> <span class='ocrx_word' id='word_1_58' title='bbox 1125 506 1274 544; x_wconf 86' lang='lat' dir='ltr'>nullam</span> 
     </span>
     <span class='ocr_line' id='line_1_9' title="bbox 163 558 1272 610; baseline -0.001 -13"><span class='ocrx_word' id='word_1_59' title='bbox 163 566 284 598; x_wconf 87' lang='lat' dir='ltr'>artem</span> <span class='ocrx_word' id='word_1_60' title='bbox 304 572 382 597; x_wconf 87' lang='lat' dir='ltr'>esse</span> <span class='ocrx_word' id='word_1_61' title='bbox 400 558 572 597; x_wconf 86' lang='lat' dir='ltr'>dicendi:</span> <span class='ocrx_word' id='word_1_62' title='bbox 594 558 709 610; x_wconf 90' lang='lat' dir='ltr'>idque</span> <span class='ocrx_word' id='word_1_63' title='bbox 728 571 815 597; x_wconf 93' lang='lat' dir='ltr'>cum</span> <span class='ocrx_word' id='word_1_64' title='bbox 834 560 1067 609; x_wconf 85' lang='lat' dir='ltr'>argumentis</span> <span class='ocrx_word' id='word_1_65' title='bbox 1081 559 1272 607; x_wconf 81' lang='lat' dir='ltr'>docuerat,</span> 
     </span>
     <span class='ocr_line' id='line_1_10' title="bbox 164 610 1273 664; baseline 0 -14"><span class='ocrx_word' id='word_1_66' title='bbox 164 613 267 664; x_wconf 93' lang='lat' dir='ltr'>quod</span> <span class='ocrx_word' id='word_1_67' title='bbox 285 613 339 650; x_wconf 89' lang='lat' dir='ltr'>ita</span> <span class='ocrx_word' id='word_1_68' title='bbox 357 612 437 650; x_wconf 90' lang='lat' dir='ltr'>nati</span> <span class='ocrx_word' id='word_1_69' title='bbox 456 626 634 661; x_wconf 80' lang='lat' dir='ltr'>essemus,</span> <span class='ocrx_word' id='word_1_70' title='bbox 650 620 694 650; x_wconf 89' lang='lat' dir='ltr'>ut</span> <span class='ocrx_word' id='word_1_71' title='bbox 713 620 749 650; x_wconf 93' lang='lat' dir='ltr'>et</span> <span class='ocrx_word' id='word_1_72' title='bbox 763 613 940 660; x_wconf 79' lang='lat' dir='ltr'>blandiri,</span> <span class='ocrx_word' id='word_1_73' title='bbox 962 620 999 651; x_wconf 88' lang='lat' dir='ltr'>et</span> <span class='ocrx_word' id='word_1_74' title='bbox 1015 610 1273 664; x_wconf 85' lang='lat' dir='ltr'>[suppliciter]</span> 
     </span>
     <span class='ocr_line' id='line_1_11' title="bbox 163 666 1274 718; baseline 0.001 -14"><span class='ocrx_word' id='word_1_75' title='bbox 163 667 355 705; x_wconf 90' lang='lat' dir='ltr'>insinuare</span> <span class='ocrx_word' id='word_1_76' title='bbox 373 666 431 714; x_wconf 89' lang='lat' dir='ltr'>iis,</span> <span class='ocrx_word' id='word_1_77' title='bbox 452 680 476 704; x_wconf 91' lang='lat' dir='ltr'>a</span> <span class='ocrx_word' id='word_1_78' title='bbox 490 666 629 718; x_wconf 89' lang='lat' dir='ltr'>quibus</span> <span class='ocrx_word' id='word_1_79' title='bbox 643 674 738 704; x_wconf 89' lang='lat' dir='ltr'>esset</span> <span class='ocrx_word' id='word_1_80' title='bbox 750 667 974 717; x_wconf 88' lang='lat' dir='ltr'>petendum,</span> <span class='ocrx_word' id='word_1_81' title='bbox 995 674 1031 704; x_wconf 93' lang='lat' dir='ltr'>et</span> <span class='ocrx_word' id='word_1_82' title='bbox 1045 666 1274 705; x_wconf 86' lang='lat' dir='ltr'>adversarios</span> 
     </span>
     <span class='ocr_line' id='line_1_12' title="bbox 162 720 1273 771; baseline 0 -13"><span class='ocrx_word' id='word_1_83' title='bbox 162 720 359 759; x_wconf 86' lang='lat' dir='ltr'>minaciter</span> <span class='ocrx_word' id='word_1_84' title='bbox 373 728 509 758; x_wconf 88' lang='lat' dir='ltr'>terrere</span> <span class='ocrx_word' id='word_1_85' title='bbox 523 732 731 771; x_wconf 83' lang='lat' dir='ltr'>possemus,</span> <span class='ocrx_word' id='word_1_86' title='bbox 753 729 790 758; x_wconf 90' lang='lat' dir='ltr'>et</span> <span class='ocrx_word' id='word_1_87' title='bbox 808 734 888 758; x_wconf 90' lang='lat' dir='ltr'>rem</span> <span class='ocrx_word' id='word_1_88' title='bbox 907 727 1052 771; x_wconf 86' lang='lat' dir='ltr'>gestam</span> <span class='ocrx_word' id='word_1_89' title='bbox 1073 733 1273 771; x_wconf 82' lang='lat' dir='ltr'>exponere,</span> 
     </span>
     <span class='ocr_line' id='line_1_13' title="bbox 162 772 1275 825; baseline 0 -13"><span class='ocrx_word' id='word_1_90' title='bbox 162 783 200 813; x_wconf 89' lang='lat' dir='ltr'>et</span> <span class='ocrx_word' id='word_1_91' title='bbox 223 774 277 822; x_wconf 92' lang='lat' dir='ltr'>id,</span> <span class='ocrx_word' id='word_1_92' title='bbox 304 774 407 825; x_wconf 92' lang='lat' dir='ltr'>quod</span> <span class='ocrx_word' id='word_1_93' title='bbox 432 773 726 823; x_wconf 87' lang='lat' dir='ltr'>intenderemus,</span> <span class='ocrx_word' id='word_1_94' title='bbox 755 775 990 822; x_wconf 88' lang='lat' dir='ltr'>confirmare,</span> <span class='ocrx_word' id='word_1_95' title='bbox 1023 781 1059 812; x_wconf 93' lang='lat' dir='ltr'>et</span> <span class='ocrx_word' id='word_1_96' title='bbox 1088 772 1142 822; x_wconf 72' lang='lat' dir='ltr'>id,</span> <span class='ocrx_word' id='word_1_97' title='bbox 1171 773 1275 825; x_wconf 88' lang='lat' dir='ltr'>quod</span> 
     </span>
     <span class='ocr_line' id='line_1_14' title="bbox 161 827 1272 879; baseline 0 -13"><span class='ocrx_word' id='word_1_98' title='bbox 161 835 292 867; x_wconf 85' lang='lat' dir='ltr'>contra</span> <span class='ocrx_word' id='word_1_99' title='bbox 310 828 507 875; x_wconf 85' lang='lat' dir='ltr'>diceretur,</span> <span class='ocrx_word' id='word_1_100' title='bbox 527 828 709 876; x_wconf 86' lang='lat' dir='ltr'>refellere,</span> <span class='ocrx_word' id='word_1_101' title='bbox 730 835 767 865; x_wconf 90' lang='lat' dir='ltr'>et</span> <span class='ocrx_word' id='word_1_102' title='bbox 785 828 833 866; x_wconf 86' lang='lat' dir='ltr'>ad.</span> <span class='ocrx_word' id='word_1_103' title='bbox 852 835 1066 866; x_wconf 88' lang='lat' dir='ltr'>extremum</span> <span class='ocrx_word' id='word_1_104' title='bbox 1081 827 1272 879; x_wconf 85' lang='lat' dir='ltr'>deprecari</span> 
     </span>
     <span class='ocr_line' id='line_1_15' title="bbox 161 881 1274 933; baseline -0.001 -13"><span class='ocrx_word' id='word_1_105' title='bbox 161 882 321 933; x_wconf 88' lang='lat' dir='ltr'>aliquid,</span> <span class='ocrx_word' id='word_1_106' title='bbox 338 889 375 919; x_wconf 92' lang='lat' dir='ltr'>et</span> <span class='ocrx_word' id='word_1_107' title='bbox 389 882 567 932; x_wconf 90' lang='lat' dir='ltr'>conqueri</span> <span class='ocrx_word' id='word_1_108' title='bbox 581 896 592 928; x_wconf 91' lang='lat'>;</span> <span class='ocrx_word' id='word_1_109' title='bbox 610 882 748 933; x_wconf 89' lang='lat' dir='ltr'>quibus</span> <span class='ocrx_word' id='word_1_110' title='bbox 764 881 804 919; x_wconf 91' lang='lat' dir='ltr'>in</span> <span class='ocrx_word' id='word_1_111' title='bbox 819 883 931 920; x_wconf 87' lang='lat' dir='ltr'>rebus</span> <span class='ocrx_word' id='word_1_112' title='bbox 945 882 1068 920; x_wconf 90' lang='lat' dir='ltr'>omnis</span> <span class='ocrx_word' id='word_1_113' title='bbox 1082 889 1274 920; x_wconf 86' lang='lat' dir='ltr'>oratorum</span> 
     </span>
     <span class='ocr_line' id='line_1_16' title="bbox 161 935 1276 986; baseline 0 -13"><span class='ocrx_word' id='word_1_114' title='bbox 161 944 371 974; x_wconf 89' lang='lat' dir='ltr'>versaretur</span> <span class='ocrx_word' id='word_1_115' title='bbox 394 935 577 973; x_wconf 87' lang='lat' dir='ltr'>facultas:</span> <span class='ocrx_word' id='word_1_116' title='bbox 609 944 646 973; x_wconf 91' lang='lat' dir='ltr'>et</span> <span class='ocrx_word' id='word_1_117' title='bbox 668 935 771 986; x_wconf 91' lang='lat' dir='ltr'>quod</span> <span class='ocrx_word' id='word_1_118' title='bbox 790 936 1022 974; x_wconf 86' lang='lat' dir='ltr'>consuetudo</span> <span class='ocrx_word' id='word_1_119' title='bbox 1041 935 1276 974; x_wconf 84' lang='lat' dir='ltr'>exercitatio-</span> 
     </span>
     <span class='ocr_line' id='line_1_17' title="bbox 161 988 1274 1041; baseline -0.001 -14"><span class='ocrx_word' id='word_1_120' title='bbox 161 1003 237 1041; x_wconf 91' lang='lat' dir='ltr'>que</span> <span class='ocrx_word' id='word_1_121' title='bbox 256 998 292 1028; x_wconf 88' lang='lat' dir='ltr'>et</span> <span class='ocrx_word' id='word_1_122' title='bbox 309 988 546 1039; x_wconf 88' lang='lat' dir='ltr'>intelligendi</span> <span class='ocrx_word' id='word_1_123' title='bbox 563 989 806 1040; x_wconf 84' lang='lat' dir='ltr'>prudentiam</span> <span class='ocrx_word' id='word_1_124' title='bbox 825 997 987 1037; x_wconf 86' lang='lat' dir='ltr'>acueret,</span> <span class='ocrx_word' id='word_1_125' title='bbox 1016 997 1053 1028; x_wconf 90' lang='lat' dir='ltr'>et</span> <span class='ocrx_word' id='word_1_126' title='bbox 1071 989 1274 1041; x_wconf 81' lang='lat' dir='ltr'>eloquendi</span> 
     </span>
     <span class='ocr_line' id='line_1_18' title="bbox 161 1042 1274 1094; baseline -0.001 -12"><span class='ocrx_word' id='word_1_127' title='bbox 161 1043 391 1082; x_wconf 68' lang='lat' dir='ltr'>celeritatem</span> <span class='ocrx_word' id='word_1_128' title='bbox 414 1042 607 1081; x_wconf 85' lang='lat' dir='ltr'>incitaret:</span> <span class='ocrx_word' id='word_1_129' title='bbox 640 1050 724 1080; x_wconf 90' lang='lat' dir='ltr'>tum</span> <span class='ocrx_word' id='word_1_130' title='bbox 743 1043 856 1081; x_wconf 90' lang='lat' dir='ltr'>etiam</span> <span class='ocrx_word' id='word_1_131' title='bbox 876 1044 1139 1094; x_wconf 84' lang='lat' dir='ltr'>exemplorum</span> <span class='ocrx_word' id='word_1_132' title='bbox 1166 1043 1274 1094; x_wconf 77' lang='lat' dir='ltr'>copi&#39;a</span> 
     </span>
     <span class='ocr_line' id='line_1_19' title="bbox 160 1096 1272 1148; baseline 0 -13"><span class='ocrx_word' id='word_1_133' title='bbox 160 1097 362 1136; x_wconf 86' lang='lat' dir='ltr'>nitebatur.</span> <span class='ocrx_word' id='word_1_134' title='bbox 405 1096 512 1134; x_wconf 88' lang='lat' dir='ltr'>Nam</span> <span class='ocrx_word' id='word_1_135' title='bbox 541 1097 725 1148; x_wconf 87' lang='lat' dir='ltr'>primum,</span> <span class='ocrx_word' id='word_1_136' title='bbox 757 1096 866 1148; x_wconf 87' lang='lat' dir='ltr'>quasi</span> <span class='ocrx_word' id='word_1_137' title='bbox 891 1097 1019 1135; x_wconf 68' lang='lat' dir='ltr'>dedita</span> <span class='ocrx_word' id='word_1_138' title='bbox 1047 1097 1175 1148; x_wconf 68' lang='lat' dir='ltr'>opera,</span> <span class='ocrx_word' id='word_1_139' title='bbox 1205 1109 1272 1135; x_wconf 91' lang='lat' dir='ltr'>ne-</span> 
     </span>
    </p>
   </div>
   <div class='ocr_carea' id='block_1_3' title="bbox 89 1145 1272 1202">
    <p class='ocr_par' dir='ltr' id='par_1_4' title="bbox 89 1145 1272 1202">
     <span class='ocr_line' id='line_1_20' title="bbox 89 1145 1272 1202; baseline -0.001 -13"><span class='ocrx_word' id='word_1_140' title='bbox 89 1146 92 1147; x_wconf 39' lang='lat'><em>⁷</em></span> <span class='ocrx_word' id='word_1_141' title='bbox 112 1145 305 1189; x_wconf 60' lang='lat' dir='ltr'>‘&#39;‘hfinem</span> <span class='ocrx_word' id='word_1_142' title='bbox 324 1150 541 1201; x_wconf 83' lang='lat' dir='ltr'>scriptorem</span> <span class='ocrx_word' id='word_1_143' title='bbox 560 1150 650 1189; x_wconf 88' lang='lat' dir='ltr'>artis</span> <span class='ocrx_word' id='word_1_144' title='bbox 664 1163 712 1189; x_wconf 90' lang='lat' dir='ltr'>ne</span> <span class='ocrx_word' id='word_1_145' title='bbox 725 1151 962 1188; x_wconf 87' lang='lat' dir='ltr'>mediocriter</span> <span class='ocrx_word' id='word_1_146' title='bbox 981 1151 1136 1202; x_wconf 89' lang='lat' dir='ltr'>quidem</span> <span class='ocrx_word' id='word_1_147' title='bbox 1156 1151 1272 1189; x_wconf 89' lang='lat' dir='ltr'>diser-</span> 
     </span>
    </p>
   </div>
   <div class='ocr_carea' id='block_1_4' title="bbox 137 1204 1271 2226">
    <p class='ocr_par' dir='ltr' id='par_1_5' title="bbox 137 1204 1271 2226">
     <span class='ocr_line' id='line_1_21' title="bbox 159 1204 1271 1256; baseline -0.001 -13"><span class='ocrx_word' id='word_1_148' title='bbox 159 1212 245 1243; x_wconf 84' lang='lat' dir='ltr'>tum</span> <span class='ocrx_word' id='word_1_149' title='bbox 269 1205 390 1243; x_wconf 85' lang='lat' dir='ltr'>fuisse</span> <span class='ocrx_word' id='word_1_150' title='bbox 414 1204 574 1251; x_wconf 88' lang='lat' dir='ltr'>dicebat,</span> <span class='ocrx_word' id='word_1_151' title='bbox 601 1217 689 1242; x_wconf 89' lang='lat' dir='ltr'>cum</span> <span class='ocrx_word' id='word_1_152' title='bbox 719 1211 902 1256; x_wconf 88' lang='lat' dir='ltr'>repeteret</span> <span class='ocrx_word' id='word_1_153' title='bbox 931 1218 1052 1255; x_wconf 90' lang='lat' dir='ltr'>usque</span> <span class='ocrx_word' id='word_1_154' title='bbox 1077 1218 1103 1242; x_wconf 86' lang='lat' dir='ltr'>a</span> <span class='ocrx_word' id='word_1_155' title='bbox 1130 1205 1271 1243; x_wconf 86' lang='lat' dir='ltr'>Corace</span> 
     </span>
     <span class='ocr_line' id='line_1_22' title="bbox 157 1257 1270 1310; baseline 0 -14"><span class='ocrx_word' id='word_1_156' title='bbox 157 1258 282 1297; x_wconf 78' lang='lat' dir='ltr'>nescio</span> <span class='ocrx_word' id='word_1_157' title='bbox 301 1271 392 1310; x_wconf 90' lang='lat' dir='ltr'>quo,</span> <span class='ocrx_word' id='word_1_158' title='bbox 420 1265 457 1296; x_wconf 90' lang='lat' dir='ltr'>et</span> <span class='ocrx_word' id='word_1_159' title='bbox 481 1257 603 1306; x_wconf 71' lang='lat' dir='ltr'>Tisia,</span> <span class='ocrx_word' id='word_1_160' title='bbox 631 1271 726 1310; x_wconf 92' lang='lat' dir='ltr'>quos</span> <span class='ocrx_word' id='word_1_161' title='bbox 751 1259 840 1297; x_wconf 90' lang='lat' dir='ltr'>artis</span> <span class='ocrx_word' id='word_1_162' title='bbox 865 1258 968 1295; x_wconf 89' lang='lat' dir='ltr'>illius</span> <span class='ocrx_word' id='word_1_163' title='bbox 993 1259 1206 1296; x_wconf 84' lang='lat' dir='ltr'>inventores</span> <span class='ocrx_word' id='word_1_164' title='bbox 1232 1265 1270 1297; x_wconf 87' lang='lat' dir='ltr'>et</span> 
     </span>
     <span class='ocr_line' id='line_1_23' title="bbox 157 1312 1269 1364; baseline 0 -14"><span class='ocrx_word' id='word_1_165' title='bbox 157 1312 346 1364; x_wconf 88' lang='lat' dir='ltr'>principes</span> <span class='ocrx_word' id='word_1_166' title='bbox 378 1312 494 1350; x_wconf 86' lang='lat' dir='ltr'>fuisse</span> <span class='ocrx_word' id='word_1_167' title='bbox 526 1319 734 1351; x_wconf 85' lang='lat' dir='ltr'>constaret:</span> <span class='ocrx_word' id='word_1_168' title='bbox 779 1312 1104 1363; x_wconf 86' lang='lat' dir='ltr'>eloquentissimos</span> <span class='ocrx_word' id='word_1_169' title='bbox 1140 1319 1269 1351; x_wconf 84' lang='lat' dir='ltr'>autem</span> 
     </span>
     <span class='ocr_line' id='line_1_24' title="bbox 155 1366 1269 1418; baseline -0.001 -13"><span class='ocrx_word' id='word_1_170' title='bbox 155 1366 344 1415; x_wconf 87' lang='lat' dir='ltr'>homines,</span> <span class='ocrx_word' id='word_1_171' title='bbox 373 1366 441 1418; x_wconf 89' lang='lat' dir='ltr'>qui</span> <span class='ocrx_word' id='word_1_172' title='bbox 468 1366 540 1404; x_wconf 86' lang='lat' dir='ltr'>ista</span> <span class='ocrx_word' id='word_1_173' title='bbox 563 1379 633 1404; x_wconf 89' lang='lat' dir='ltr'>nec</span> <span class='ocrx_word' id='word_1_174' title='bbox 660 1366 876 1404; x_wconf 83' lang='lat' dir='ltr'>didicissent</span> <span class='ocrx_word' id='word_1_175' title='bbox 900 1379 969 1404; x_wconf 89' lang='lat' dir='ltr'>nec</span> <span class='ocrx_word' id='word_1_176' title='bbox 994 1366 1150 1404; x_wconf 89' lang='lat' dir='ltr'>omnino</span> <span class='ocrx_word' id='word_1_177' title='bbox 1175 1366 1269 1404; x_wconf 89' lang='lat' dir='ltr'>scire</span> 
     </span>
     <span class='ocr_line' id='line_1_25' title="bbox 137 1420 1269 1471; baseline 0.001 -14"><span class='ocrx_word' id='word_1_178' title='bbox 137 1421 362 1467; x_wconf 72' lang='lat' dir='ltr'>curassent,</span> <span class='ocrx_word' id='word_1_179' title='bbox 398 1420 694 1458; x_wconf 89' lang='lat' dir='ltr'>innumerabiles</span> <span class='ocrx_word' id='word_1_180' title='bbox 726 1420 911 1471; x_wconf 90' lang='lat' dir='ltr'>quosdam</span> <span class='ocrx_word' id='word_1_181' title='bbox 942 1420 1190 1466; x_wconf 82' lang='lat' dir='ltr'>nominabat3</span> <span class='ocrx_word' id='word_1_182' title='bbox 1227 1420 1269 1458; x_wconf 87' lang='lat' dir='ltr'>in</span> 
     </span>
     <span class='ocr_line' id='line_1_26' title="bbox 156 1474 1265 1526; baseline -0.002 -13"><span class='ocrx_word' id='word_1_183' title='bbox 156 1475 297 1526; x_wconf 88' lang='lat' dir='ltr'>quibus</span> <span class='ocrx_word' id='word_1_184' title='bbox 323 1474 452 1521; x_wconf 85' lang='lat' dir='ltr'>etiam,</span> <span class='ocrx_word' id='word_1_185' title='bbox 481 1474 575 1517; x_wconf 88' lang='lat' dir='ltr'>(sive</span> <span class='ocrx_word' id='word_1_186' title='bbox 600 1474 665 1511; x_wconf 83' lang='lat' dir='ltr'>ille</span> <span class='ocrx_word' id='word_1_187' title='bbox 690 1474 862 1522; x_wconf 87' lang='lat' dir='ltr'>irridens,</span> <span class='ocrx_word' id='word_1_188' title='bbox 891 1474 967 1511; x_wconf 83' lang='lat' dir='ltr'>sive</span> <span class='ocrx_word' id='word_1_189' title='bbox 993 1474 1096 1525; x_wconf 91' lang='lat' dir='ltr'>quod</span> <span class='ocrx_word' id='word_1_190' title='bbox 1121 1474 1176 1512; x_wconf 91' lang='lat' dir='ltr'>ita</span> <span class='ocrx_word' id='word_1_191' title='bbox 1192 1487 1265 1525; x_wconf 88' lang='lat' dir='ltr'>pu-</span> 
     </span>
     <span class='ocr_line' id='line_1_27' title="bbox 154 1527 1267 1579; baseline 0 -14"><span class='ocrx_word' id='word_1_192' title='bbox 154 1536 263 1576; x_wconf 85' lang='lat' dir='ltr'>taret,</span> <span class='ocrx_word' id='word_1_193' title='bbox 293 1534 408 1579; x_wconf 92' lang='lat' dir='ltr'>atque</span> <span class='ocrx_word' id='word_1_194' title='bbox 436 1527 490 1565; x_wconf 85' lang='lat' dir='ltr'>ita</span> <span class='ocrx_word' id='word_1_195' title='bbox 519 1527 702 1575; x_wconf 80' lang='lat' dir='ltr'>audisset)</span> <span class='ocrx_word' id='word_1_196' title='bbox 735 1541 798 1566; x_wconf 87' lang='lat' dir='ltr'>me</span> <span class='ocrx_word' id='word_1_197' title='bbox 827 1528 867 1566; x_wconf 93' lang='lat' dir='ltr'>in</span> <span class='ocrx_word' id='word_1_198' title='bbox 898 1527 965 1565; x_wconf 89' lang='lat' dir='ltr'>illo</span> <span class='ocrx_word' id='word_1_199' title='bbox 993 1540 1167 1576; x_wconf 90' lang='lat' dir='ltr'>numero,</span> <span class='ocrx_word' id='word_1_200' title='bbox 1199 1528 1267 1579; x_wconf 90' lang='lat' dir='ltr'>qui</span> 
     </span>
     <span class='ocr_line' id='line_1_28' title="bbox 152 1581 1266 1633; baseline 0 -14"><span class='ocrx_word' id='word_1_201' title='bbox 152 1582 221 1620; x_wconf 87' lang='lat' dir='ltr'>illa</span> <span class='ocrx_word' id='word_1_202' title='bbox 239 1594 315 1619; x_wconf 91' lang='lat' dir='ltr'>non</span> <span class='ocrx_word' id='word_1_203' title='bbox 330 1581 557 1630; x_wconf 86' lang='lat' dir='ltr'>didicissem,</span> <span class='ocrx_word' id='word_1_204' title='bbox 579 1588 615 1619; x_wconf 91' lang='lat' dir='ltr'>et</span> <span class='ocrx_word' id='word_1_205' title='bbox 628 1589 757 1619; x_wconf 86' lang='lat' dir='ltr'>tamen</span> <span class='ocrx_word' id='word_1_206' title='bbox 773 1585 832 1626; x_wconf 91' lang='lat' dir='ltr'>(ut</span> <span class='ocrx_word' id='word_1_207' title='bbox 845 1581 925 1633; x_wconf 91' lang='lat' dir='ltr'>ipse</span> <span class='ocrx_word' id='word_1_208' title='bbox 939 1581 1104 1630; x_wconf 82' lang='lat' dir='ltr'>dicebat)</span> <span class='ocrx_word' id='word_1_209' title='bbox 1117 1595 1266 1633; x_wconf 85' lang='lat' dir='ltr'>possem</span> 
     </span>
     <span class='ocr_line' id='line_1_29' title="bbox 151 1634 1263 1686; baseline 0 -13"><span class='ocrx_word' id='word_1_210' title='bbox 151 1635 299 1686; x_wconf 86' lang='lat' dir='ltr'>aliquid</span> <span class='ocrx_word' id='word_1_211' title='bbox 317 1635 357 1672; x_wconf 87' lang='lat' dir='ltr'>in</span> <span class='ocrx_word' id='word_1_212' title='bbox 377 1634 549 1684; x_wconf 90' lang='lat' dir='ltr'>dicendo,</span> <span class='ocrx_word' id='word_1_213' title='bbox 569 1635 792 1686; x_wconf 84' lang='lat' dir='ltr'>proferebat.</span> <span class='ocrx_word' id='word_1_214' title='bbox 828 1635 1006 1683; x_wconf 84' lang='lat' dir='ltr'>Quorum</span> <span class='ocrx_word' id='word_1_215' title='bbox 1025 1635 1082 1673; x_wconf 92' lang='lat' dir='ltr'>illi</span> <span class='ocrx_word' id='word_1_216' title='bbox 1100 1637 1263 1674; x_wconf 89' lang='lat' dir='ltr'>alterum</span> 
     </span>
     <span class='ocr_line' id='line_1_30' title="bbox 150 1688 1262 1736; baseline 0 -9"><span class='ocrx_word' id='word_1_217' title='bbox 150 1689 261 1728; x_wconf 88' lang='lat' dir='ltr'>facile</span> <span class='ocrx_word' id='word_1_218' title='bbox 287 1688 652 1736; x_wconf 80' lang='lat' dir='ltr'>assentiebar,&#39;nihil</span> <span class='ocrx_word' id='word_1_219' title='bbox 677 1702 740 1727; x_wconf 90' lang='lat' dir='ltr'>me</span> <span class='ocrx_word' id='word_1_220' title='bbox 767 1689 963 1734; x_wconf 87' lang='lat' dir='ltr'>didicisse;</span> <span class='ocrx_word' id='word_1_221' title='bbox 990 1689 1031 1726; x_wconf 85' lang='lat' dir='ltr'>in</span> <span class='ocrx_word' id='word_1_222' title='bbox 1057 1689 1174 1727; x_wconf 87' lang='lat' dir='ltr'>altero</span> <span class='ocrx_word' id='word_1_223' title='bbox 1193 1702 1262 1726; x_wconf 89' lang='lat' dir='ltr'>au-</span> 
     </span>
     <span class='ocr_line' id='line_1_31' title="bbox 150 1742 1263 1794; baseline 0 -13"><span class='ocrx_word' id='word_1_224' title='bbox 150 1751 244 1791; x_wconf 90' lang='lat' dir='ltr'>tem,</span> <span class='ocrx_word' id='word_1_225' title='bbox 265 1755 328 1781; x_wconf 89' lang='lat' dir='ltr'>me</span> <span class='ocrx_word' id='word_1_226' title='bbox 346 1742 457 1780; x_wconf 67' lang='lat' dir='ltr'>illudi</span> <span class='ocrx_word' id='word_1_227' title='bbox 483 1744 530 1780; x_wconf 89' lang='lat' dir='ltr'>ab</span> <span class='ocrx_word' id='word_1_228' title='bbox 551 1756 607 1790; x_wconf 92' lang='lat' dir='ltr'>eo,</span> <span class='ocrx_word' id='word_1_229' title='bbox 628 1749 695 1779; x_wconf 85' lang='lat' dir='ltr'>aut</span> <span class='ocrx_word' id='word_1_230' title='bbox 713 1743 827 1780; x_wconf 88' lang='lat' dir='ltr'>etiam</span> <span class='ocrx_word' id='word_1_231' title='bbox 845 1743 973 1794; x_wconf 88' lang='lat' dir='ltr'>ipsum</span> <span class='ocrx_word' id='word_1_232' title='bbox 999 1756 1134 1790; x_wconf 88' lang='lat' dir='ltr'>errare,</span> <span class='ocrx_word' id='word_1_233' title='bbox 1163 1743 1263 1781; x_wconf 87' lang='lat' dir='ltr'>arbi-</span> 
     </span>
     <span class='ocr_line' id='line_1_32' title="bbox 150 1796 1263 1848; baseline -0.001 -13"><span class='ocrx_word' id='word_1_234' title='bbox 150 1798 290 1836; x_wconf 82' lang='lat' dir='ltr'>trabar.</span> <span class='ocrx_word' id='word_1_235' title='bbox 337 1796 477 1833; x_wconf 90' lang='lat' dir='ltr'>Artem</span> <span class='ocrx_word' id='word_1_236' title='bbox 504 1809 592 1834; x_wconf 88' lang='lat' dir='ltr'>vero</span> <span class='ocrx_word' id='word_1_237' title='bbox 618 1798 780 1846; x_wconf 85' lang='lat' dir='ltr'>negabat</span> <span class='ocrx_word' id='word_1_238' title='bbox 806 1810 883 1834; x_wconf 88' lang='lat' dir='ltr'>esse</span> <span class='ocrx_word' id='word_1_239' title='bbox 907 1797 1043 1844; x_wconf 86' lang='lat' dir='ltr'>ullam,</span> <span class='ocrx_word' id='word_1_240' title='bbox 1074 1796 1147 1834; x_wconf 87' lang='lat' dir='ltr'>nisi</span> <span class='ocrx_word' id='word_1_241' title='bbox 1176 1810 1263 1848; x_wconf 86' lang='lat' dir='ltr'>quae</span> 
     </span>
     <span class='ocr_line' id='line_1_33' title="bbox 148 1849 1260 1901; baseline -0.002 -12"><span class='ocrx_word' id='word_1_242' title='bbox 148 1850 322 1901; x_wconf 79' lang='lat' dir='ltr'>cognitiS,</span> <span class='ocrx_word' id='word_1_243' title='bbox 352 1849 579 1900; x_wconf 85' lang='lat' dir='ltr'>penitusque</span> <span class='ocrx_word' id='word_1_244' title='bbox 603 1850 819 1900; x_wconf 85' lang='lat' dir='ltr'>perspectis,</span> <span class='ocrx_word' id='word_1_245' title='bbox 847 1858 884 1888; x_wconf 89' lang='lat' dir='ltr'>et</span> <span class='ocrx_word' id='word_1_246' title='bbox 908 1850 948 1887; x_wconf 90' lang='lat' dir='ltr'>in</span> <span class='ocrx_word' id='word_1_247' title='bbox 970 1862 1093 1887; x_wconf 88' lang='lat' dir='ltr'>unum</span> <span class='ocrx_word' id='word_1_248' title='bbox 1113 1850 1260 1888; x_wconf 86' lang='lat' dir='ltr'>exitum</span> 
     </span>
     <span class='ocr_line' id='line_1_34' title="bbox 147 1903 1257 1956; baseline -0.003 -12"><span class='ocrx_word' id='word_1_249' title='bbox 147 1904 417 1956; x_wconf 88' lang='lat' dir='ltr'>spectantibus,</span> <span class='ocrx_word' id='word_1_250' title='bbox 447 1910 484 1941; x_wconf 87' lang='lat' dir='ltr'>et</span> <span class='ocrx_word' id='word_1_251' title='bbox 512 1916 713 1954; x_wconf 82' lang='lat' dir='ltr'>nunquam</span> <span class='ocrx_word' id='word_1_252' title='bbox 742 1903 962 1941; x_wconf 85' lang='lat' dir='ltr'>fallentibus</span> <span class='ocrx_word' id='word_1_253' title='bbox 993 1905 1106 1942; x_wconf 85' lang='lat' dir='ltr'>rebus</span> <span class='ocrx_word' id='word_1_254' title='bbox 1137 1904 1257 1941; x_wconf 86' lang='lat' dir='ltr'>conti-</span> 
     </span>
     <span class='ocr_line' id='line_1_35' title="bbox 145 1957 1256 2008; baseline -0.002 -11"><span class='ocrx_word' id='word_1_255' title='bbox 145 1965 309 1998; x_wconf 89' lang='lat' dir='ltr'>neretur.</span> <span class='ocrx_word' id='word_1_256' title='bbox 353 1957 450 1994; x_wconf 89' lang='lat' dir='ltr'>Haec</span> <span class='ocrx_word' id='word_1_257' title='bbox 479 1964 608 1994; x_wconf 89' lang='lat' dir='ltr'>autem</span> <span class='ocrx_word' id='word_1_258' title='bbox 638 1957 779 2004; x_wconf 89' lang='lat' dir='ltr'>omnia,</span> <span class='ocrx_word' id='word_1_259' title='bbox 814 1971 901 2008; x_wconf 87' lang='lat' dir='ltr'>quae</span> <span class='ocrx_word' id='word_1_260' title='bbox 929 1964 1179 1995; x_wconf 84' lang='lat' dir='ltr'>tractarentur</span> <span class='ocrx_word' id='word_1_261' title='bbox 1207 1959 1256 1996; x_wconf 89' lang='lat' dir='ltr'>ab</span> 
     </span>
     <span class='ocr_line' id='line_1_36' title="bbox 145 2010 1259 2059; baseline -0.003 -7"><span class='ocrx_word' id='word_1_262' title='bbox 145 2011 370 2059; x_wconf 86' lang='lat' dir='ltr'>oratoribus,</span> <span class='ocrx_word' id='word_1_263' title='bbox 400 2010 517 2048; x_wconf 89' lang='lat' dir='ltr'>dubia</span> <span class='ocrx_word' id='word_1_264' title='bbox 536 2023 613 2049; x_wconf 91' lang='lat' dir='ltr'>esse</span> <span class='ocrx_word' id='word_1_265' title='bbox 632 2018 669 2048; x_wconf 90' lang='lat' dir='ltr'>et</span> <span class='ocrx_word' id='word_1_266' title='bbox 686 2011 850 2055; x_wconf 88' lang='lat' dir='ltr'>incerta;</span> <span class='ocrx_word' id='word_1_267' title='bbox 882 2024 970 2049; x_wconf 89' lang='lat' dir='ltr'>cum</span> <span class='ocrx_word' id='word_1_268' title='bbox 989 2018 1027 2048; x_wconf 91' lang='lat' dir='ltr'>et</span> <span class='ocrx_word' id='word_1_269' title='bbox 1044 2010 1259 2050; x_wconf 80' lang='lat' dir='ltr'>dicerentur</span> 
     </span>
     <span class='ocr_line' id='line_1_37' title="bbox 142 2064 1256 2116; baseline -0.004 -10"><span class='ocrx_word' id='word_1_270' title='bbox 142 2070 191 2106; x_wconf 84' lang='lat' dir='ltr'>ab</span> <span class='ocrx_word' id='word_1_271' title='bbox 211 2066 257 2103; x_wconf 88' lang='lat' dir='ltr'>iis</span> <span class='ocrx_word' id='word_1_272' title='bbox 276 2065 343 2116; x_wconf 89' lang='lat' dir='ltr'>qui</span> <span class='ocrx_word' id='word_1_273' title='bbox 358 2077 404 2102; x_wconf 89' lang='lat' dir='ltr'>ea</span> <span class='ocrx_word' id='word_1_274' title='bbox 415 2064 546 2102; x_wconf 88' lang='lat' dir='ltr'>omnia</span> <span class='ocrx_word' id='word_1_275' title='bbox 562 2077 638 2102; x_wconf 93' lang='lat' dir='ltr'>non</span> <span class='ocrx_word' id='word_1_276' title='bbox 657 2065 770 2114; x_wconf 87' lang='lat' dir='ltr'>plane</span> <span class='ocrx_word' id='word_1_277' title='bbox 784 2071 966 2112; x_wconf 85' lang='lat' dir='ltr'>tenerent,</span> <span class='ocrx_word' id='word_1_278' title='bbox 984 2072 1020 2102; x_wconf 93' lang='lat' dir='ltr'>et</span> <span class='ocrx_word' id='word_1_279' title='bbox 1034 2065 1256 2103; x_wconf 83' lang='lat' dir='ltr'>audirentur</span> 
     </span>
     <span class='ocr_line' id='line_1_38' title="bbox 142 2118 1255 2171; baseline -0.002 -13"><span class='ocrx_word' id='word_1_280' title='bbox 142 2123 191 2159; x_wconf 84' lang='lat' dir='ltr'>ab</span> <span class='ocrx_word' id='word_1_281' title='bbox 210 2120 255 2157; x_wconf 90' lang='lat' dir='ltr'>iis</span> <span class='ocrx_word' id='word_1_282' title='bbox 281 2118 421 2171; x_wconf 89' lang='lat' dir='ltr'>quibus</span> <span class='ocrx_word' id='word_1_283' title='bbox 439 2130 515 2156; x_wconf 87' lang='lat' dir='ltr'>non</span> <span class='ocrx_word' id='word_1_284' title='bbox 534 2118 689 2156; x_wconf 84' lang='lat' dir='ltr'>scientia</span> <span class='ocrx_word' id='word_1_285' title='bbox 707 2127 801 2156; x_wconf 87' lang='lat' dir='ltr'>esset</span> <span class='ocrx_word' id='word_1_286' title='bbox 819 2118 1015 2166; x_wconf 84' lang='lat' dir='ltr'>tradenda,</span> <span class='ocrx_word' id='word_1_287' title='bbox 1036 2119 1101 2158; x_wconf 91' lang='lat' dir='ltr'>sed</span> <span class='ocrx_word' id='word_1_288' title='bbox 1125 2118 1255 2169; x_wconf 84' lang='lat' dir='ltr'>exigui</span> 
     </span>
     <span class='ocr_line' id='line_1_39' title="bbox 144 2171 1253 2226; baseline -0.002 -13"><span class='ocrx_word' id='word_1_289' title='bbox 144 2174 324 2226; x_wconf 79' lang='lat' dir='ltr'>temporis</span> <span class='ocrx_word' id='word_1_290' title='bbox 349 2180 416 2213; x_wconf 86' lang='lat' dir='ltr'>aut</span> <span class='ocrx_word' id='word_1_291' title='bbox 445 2172 541 2212; x_wconf 78' lang='lat' dir='ltr'>falsa</span> <span class='ocrx_word' id='word_1_292' title='bbox 565 2180 632 2211; x_wconf 86' lang='lat' dir='ltr'>aut</span> <span class='ocrx_word' id='word_1_293' title='bbox 657 2180 755 2212; x_wconf 89' lang='lat' dir='ltr'>certe</span> <span class='ocrx_word' id='word_1_294' title='bbox 779 2173 937 2212; x_wconf 86' lang='lat' dir='ltr'>obscura</span> <span class='ocrx_word' id='word_1_295' title='bbox 960 2172 1100 2224; x_wconf 90' lang='lat' dir='ltr'>opinio.</span> <span class='ocrx_word' id='word_1_296' title='bbox 1145 2171 1253 2222; x_wconf 87' lang='lat' dir='ltr'>Quid</span> 
     </span>
    </p>
   </div>
  </div>
 </body>
</html>
