1429 2344
177 92 258 132 234
322 90 401 130 DE
429 88 725 138 ORATORE,
755 87 854 126 LI'B.
871 87 931 126 Π.
957 87 1062 127 CAP.
1079 88 1145 128 40.

181 200 417 260 superbum3
457 211 572 237 suum
603 209 807 248 arrogans:
846 195 1034 235 utendum
1064 196 1183 247 igitur
1216 195 1293 236 fuit

181 253 336 293 consilio
355 254 514 290 senatus.
544 252 612 290 Sin
631 264 679 289 ex
697 251 893 298 vocabuIO,
914 257 958 288 ut
977 250 1122 288 Carbo:
1148 251 1190 289 Si
1204 264 1293 289 con-

182 309 243 346 sul
258 315 326 354 est,
340 307 407 357 qui
421 306 582 344 consulit
595 304 741 356 patriae,
758 304 851 356 quid
865 304 970 341 aliud
983 304 1071 342 fecit
1082 304 1294 356 Opimius?

185 362 252 400 Sin
273 363 320 398 ab
340 373 396 406 e0,
419 360 522 411 quod
539 372 620 397 rem
639 359 813 409 attingat,
833 358 960 408 plures
979 365 1067 396 sunt
1090 371 1294 408 argumen-

184 423 312 453 torum
332 413 434 451 sedes
454 427 496 451 ac
513 414 609 451 loci:
635 425 726 449 nam
746 420 783 450 et
801 412 1001 460 conjuncta
1015 425 1242 463 quaeremus,
1259 421 1297 450 et

189 481 339 520 genera,
357 474 393 505 et
407 475 531 518 partes
544 466 742 517 generibus
757 466 955 514 subjectas,
969 474 1005 503 et
1016 466 1296 515 similitudines,

189 531 226 560 et
252 521 590 569 dissimilitudines,
616 529 652 558 et
675 520 873 567 contraria,
893 526 930 556 et
956 520 1234 570 consequentia,
1263 527 1300 558 et

192 582 454 623 consentanea,
475 582 511 613 et
533 575 642 626 quasi
666 573 945 624 praecurrentia,
973 580 1010 611 et
1034 574 1298 624 repugnantia,

192 637 230 668 et
255 643 384 667 causas
408 642 536 666 rerum
555 627 838 678 vestigabimus,
861 634 897 664 et
922 640 978 675 ea,
1003 640 1089 678 quae
1115 640 1162 664 ex
1181 628 1302 666 causis

191 690 273 722 orta
292 690 405 727 suntr,
436 690 472 721 et
490 683 649 731 majora,
669 681 788 732 paria,
808 681 970 728 minora,
990 694 1216 732 quaeremus.

246 737 337 774 XL.
367 737 432 774 Ex
458 736 668 786 conjunctis
694 735 745 773 sic
770 741 994 785 argumenta
1015 734 1231 773 ducuntur:
1261 735 1304 774 Si

193 791 326 842 pietati
358 804 510 828 summa
538 789 739 828 tribuenda
769 789 853 826 laus
881 795 948 837 est,
978 788 1121 826 debetis
1147 789 1307 839 moveri,

195 858 284 883 cum
304 844 355 892 Q.
373 844 579 882 Metellum
604 851 684 881 tam
709 843 771 894 pie
794 843 925 893 lugere
950 841 1119 880 videatis.
1158 843 1224 881 Ex
1242 856 1309 894 ge-

195 911 284 937 nere
309 905 461 935 autem:
497 898 539 936 81
563 897 805 948 magistratus
830 896 870 933 in
896 896 1030 946 populi
1054 897 1223 934 Romani
1240 910 1310 948 po-

196 960 330 990 testate
356 965 433 989 esse
458 951 609 998 debent,
637 951 731 1002 quid
756 951 986 988 Norbanum
1012 962 1175 999 accusas,
1200 952 1309 1000 cujus

197 1006 412 1043 tribunatus
427 980 613 1043 voluntati
627 1005 753 1056 paruit
768 1004 823 1041 civ
826 1003 955 1041 itatis?
984 1003 1049 1041 Ex
1062 1012 1170 1054 parte
1181 1012 1311 1042 autem

199 1072 258 1107 ea,
279 1073 365 1111 quae
390 1066 444 1096 est
471 1060 640 1107 subjecta
663 1058 814 1108 generi:
857 1057 899 1095 Si
924 1069 1068 1105 omnes,
1093 1057 1161 1108 qui
1185 1058 1312 1109 reipu-

196 1114 306 1151 blicae
331 1113 546 1160 consulunt,
567 1112 643 1150 cari
664 1111 752 1149 nobi
757 1125 772 1149 3
792 1124 869 1149 esse
888 1110 1039 1159 debent,
1060 1119 1157 1149 certe
1175 1112 1216 1149 in
1234 1112 1314 1163 pri.

197 1167 270 1204 mis
289 1167 545 1217 imperatores,
566 1178 731 1216 quorum
749 1164 926 1212 0011511115,
946 1164 1098 1225 virtute,
1119 1166 1310 1216 perieulis,

197 1221 405 1258 retinemus
425 1227 461 1258 et
480 1227 647 1257 nostram
667 1219 841 1266 salutem,
858 1226 895 1256 et
907 1218 1058 1268 imperii
1072 1218 1309 1269 dignitatem.

199 1274 264 1312 Ex
285 1273 532 1312 similitudine
551 1280 676 1310 autem
693 1287 703 1310 t
730 1273 770 1310 81
784 1273 874 1310 ferae
886 1280 1017 1322 partus
1031 1285 1117 1311 suos
1131 1273 1311 1324 diligunt,

201 1328 280 1379 qua
298 1341 366 1365 nos
384 1328 425 1364 in
443 1327 579 1364 liberos
598 1333 743 1364 nostros
761 1325 1000 1376 indulgentia
1014 1338 1090 1364 esse
1105 1326 1315 1366 debemus?

203 1383 262 1419 At
290 1395 337 1419 ex
365 1380 695 1419 dissimilitudine:
731 1380 773 1418 Si
797 1381 1045 1417 barbarorum
1071 1387 1126 1417 est
1149 1380 1189 1418 in
1214 1381 1318 1419 diem

204 1436 342 1483 vivere,
363 1443 491 1472 nostra
510 1434 664 1472 consilia
683 1433 956 1484 sempiternum
980 1440 1130 1484 tempus
1153 1443 1320 1486 spectare

204 1489 353 1527 debent.
388 1491 522 1540 Atque
541 1496 702 1539 utroque
720 1488 760 1524 in
779 1500 914 1537 genere
933 1494 970 1525 et
989 1487 1260 1537 similitudinis,
1281 1496 1319 1527 et

205 1543 536 1590 dissimilitudinis,
558 1542 733 1592 exempla
752 1548 841 1579 sunt
860 1554 906 1579 ex
930 1541 1092 1579 aliorum
1109 1541 1231 1590 factis,
1252 1550 1320 1581 aut

205 1596 327 1644 dictis,
349 1605 415 1634 aut
434 1596 588 1643 eventis,
606 1603 642 1633 et
655 1596 752 1633 fictae
765 1595 995 1632 narrationes
1010 1607 1108 1646 saepe
1120 1596 1318 1646 ponendae.

206 1650 235 1688 J
238 1663 301 1687 am
335 1663 382 1687 ex
414 1650 622 1688 contrario:
663 1649 704 1687 Si
733 1648 927 1686 Gracchus
954 1649 1109 1696 nefarie,
1141 1651 1320 1700 praeclare

208 1703 401 1754 Opimius.
430 1703 495 1741 Ex
510 1703 846 1754 consequentibus:
873 1702 914 1740 Si
933 1709 969 1739 et
986 1702 1084 1740 ferro
1102 1702 1320 1743 interfectus

207 1757 287 1805 ille,
308 1764 345 1794 et
362 1764 405 1794 tu
424 1757 600 1794 inimicus
623 1758 704 1805 ejus
727 1769 815 1794 cum
834 1755 961 1806 gladio
979 1762 1132 1794 cruento
1151 1769 1322 1808 compre.

207 1811 348 1848 hensus
381 1823 419 1848 es
445 1811 486 1848 in
514 1811 581 1848 illo
607 1810 689 1861 ipso
716 1810 812 1857 loco,
842 1816 879 1846 et
904 1821 1017 1847 nemo
1043 1816 1178 1860 praeter
1205 1817 1243 1848 te
1269 1812 1325 1851 ibi

210 1865 311 1903 visus
330 1871 397 1911 est,
419 1871 456 1902 et
473 1877 585 1902 causa
603 1863 760 1911 nemini,
782 1870 819 1901 et
832 1870 875 1900 tu
889 1876 1038 1913 semper
1052 1863 1203 1908 audax;
1229 1866 1324 1916 quid

211 1926 280 1966 est,
300 1918 404 1969 quod
428 1918 475 1956 de
498 1918 663 1955 facinore
687 1917 860 1954 dubitare
884 1917 1102 1968 possimus?
1142 1917 1208 1955 Ex
1233 1931 1322 1958 con-

211 1971 410 2019 sentaneis,
440 1979 478 2010 et
508 1971 836 2022 praecurrentibus,
870 1978 907 2008 et
935 1971 1249 2021 repugnantibus,
1279 1981 1324 2012 ut

211 2026 305 2063 olim
324 2025 481 2063 Crassus
500 2025 736 2063 adolescens:
773 2025 879 2071 Non,
905 2024 936 2062 si
959 2024 1164 2075 Opimium
1190 2024 1321 2065 defen-

213 2079 315 2126 disti,
340 2079 478 2128 Carbo,
490 2079 627 2117 idcirco
651 2086 688 2116 te
713 2078 776 2116 isti
800 2080 946 2116 bonum
971 2078 1092 2116 civem
1113 2080 1319 2129 putabunt.

213 2132 420 2171 Simulasse
452 2140 502 2181 te,
533 2141 570 2171 et
598 2132 704 2170 aliud
733 2132 827 2183 quid
855 2132 1046 2183 quaesisse,
1077 2132 1323 2194 perspicuum

212 2193 282 2236 est,
308 2186 411 2238 quod
437 2187 500 2226 Ti.
518 2186 680 2226 Gracchi
703 2193 866 2225 mortem
891 2197 990 2238 saepe
1011 2185 1054 2225 in
1079 2185 1336 2228 concionibus
