1429 2344
130 70 185 110 96
239 69 316 109 DE
338 70 726 120 INVENTIONE,
747 71 845 110 Lm.
862 70 922 109 ΙΙ.
943 69 1046 110 CAP.
1061 71 1132 110 34.

133 178 278 217 minem
305 179 434 217 mirari
463 179 670 227 conveniet,
701 179 732 217 si
750 186 816 217 aut
833 178 874 216 in
891 179 964 227 his,
995 185 1062 216 aut
1090 178 1130 216 in
1156 178 1239 216 aliis

134 233 331 283 exemplis,
345 234 472 284 scripti
485 246 637 284 quoque
650 232 937 271 controversiam
951 232 1170 281 adjunctam
1185 232 1240 270 vi-

135 285 250 323 debit.
291 286 381 334 Quo
410 287 456 324 de
484 299 619 338 genere
645 294 730 336 post
752 286 821 324 erit
839 286 946 324 nobis
965 286 1165 337 separatim
1183 285 1241 322 di-

136 340 313 387 cendum,
343 347 540 391 propterea
564 340 666 391 quod
691 340 866 391 quaedam
885 351 1021 390 genera
1044 352 1243 377 causarum

137 393 356 443 simpliciter
375 401 411 430 et
430 407 476 431 ex
496 393 565 431 su‘a
583 394 621 431 vi
647 393 942 440 considerantur,
972 393 1147 453 quaedam
1175 405 1243 430 au-

136 452 216 484 tem
235 446 307 484 sibi
324 447 428 483 aliud
442 459 594 498 quoque
607 447 761 497 aliquod
775 446 1032 484 controversiae
1050 458 1169 496 genus
1187 459 1245 484 as-

137 507 306 537 sumunt.
349 500 492 548 Quare,
523 500 699 538 omnibus
717 500 888 550 cognitis,
914 511 991 537 non
1009 499 1079 537 erit
1097 499 1247 537 difficile

139 552 179 590 in
211 565 524 604 unamquamque
555 566 708 592 causam
743 553 957 600 transferre,
991 552 1095 603 quod
1123 565 1171 591 ex
1203 566 1247 590 eo

139 619 291 667 quoque
309 619 444 657 genere
457 607 674 645 conveniet·
704 613 748 644 ut
765 607 805 644 in
822 606 881 644 his
900 606 1083 657 exemplis
1101 618 1250 644 conces-

139 660 254 698 sionis
271 660 368 698 inest
386 661 562 699 omnibus
581 660 708 711 scripti
732 659 980 699 controversia
1009 673 1066 707 ea,
1097 672 1183 711 quae
1202 673 1250 698 ex

141 713 278 764 scripto
297 721 334 752 et
352 714 535 752 sententia
554 714 795 752 nominatur:
827 713 892 751 sed
910 713 1000 764 quia
1029 713 1076 751 de
1100 725 1250 751 conces-

143 767 247 805 sione
264 767 528 818 loquebamur,
561 768 601 805 in
620 780 705 806 eam
728 781 803 818 pra
819 774 916 818 ‘epta
932 766 1117 805 dedimus.
1155 766 1250 805 Alio

143 828 274 859 autem
287 821 369 859 loco
387 821 434 859 de
452 822 589 872 scripto
607 829 644 859 et
663 821 846 859 sententia
864 820 1043 858 dicemus.
1073 821 1116 858 N
1116 832 1192 858 unc
1209 820 1250 858 in

143 875 301 912 alteram
330 875 573 913 concessionis
597 882 744 926 partem
772 873 1106 912 considerationem
1129 874 1254 912 inten-

147 928 294 966 demus.

200 981 404 1020 XXXIV.
434 981 659 1033 Deprecatio
691 989 759 1030 est,
796 982 837 1019 in
870 995 948 1033 qua
978 993 1055 1019 non
1087 980 1254 1020 defensio

148 1035 251 1083 facti,
271 1035 336 1073 sed
353 1036 571 1086 ignoscendi
588 1036 804 1086 postulatio,
825 1035 1047 1073 continetur.
1085 1034 1174 1073 Hoc
1191 1048 1256 1086 ge2

148 1101 222 1128 nus
240 1089 305 1126 vix
323 1089 364 1126 in
377 1089 522 1138 judicio
535 1089 686 1140 probari
699 1096 834 1140 potest,
850 1089 933 1127 ideo
948 1088 1064 1140 quod,
1085 1101 1257 1127 concesso

149 1149 313 1194 peccato,
345 1142 496 1180 difficile
524 1150 579 1180 est
608 1145 655 1180 ab
683 1156 726 1181 eo
754 1142 821 1194 qui
849 1150 1088 1194 peccatorum
1117 1142 1256 1180 vindex

148 1209 227 1235 esse
246 1196 370 1243 debet,
390 1203 434 1234 ut
450 1196 632 1247 ignoscat,
653 1196 865 1247 impetrare.
899 1196 1030 1243 Quare
1053 1203 1159 1247 parte
1178 1197 1259 1245 ejus

149 1250 310 1300 generis,
331 1262 420 1287 cum
445 1262 597 1287 causam
617 1263 693 1287 non
711 1250 752 1287 in
767 1263 810 1288 eo
829 1249 1076 1298 constitueris,
1096 1249 1153 1287 uti
1170 1250 1259 1288 lice-

151 1304 221 1342 bit.
260 1303 317 1341 Ut
336 1303 367 1340 si
392 1316 460 1353 pro
480 1303 607 1354 aliquo
633 1304 732 1341 claro
762 1311 828 1340 aut
855 1303 942 1341 forti
968 1303 1061 1350 viro,
1093 1304 1201 1352 cujus
1219 1304 1259 1341 in

152 1357 429 1408 rempublicam
458 1357 582 1394 multa
611 1357 686 1394 sint
708 1357 902 1403 beneficia,
933 1356 1096 1402 dixeris3
1127 1357 1259 1407 possis,

154 1423 244 1449 cum
273 1410 430 1448 videaris
460 1422 536 1448 non
568 1410 626 1447 uti
653 1410 925 1461 deprecatione,
955 1410 1013 1447 uti
1039 1417 1183 1458 tamen,
1213 1411 1262 1449 ad

152 1463 258 1502 hunc
276 1463 459 1501 modum:
481 1463 599 1510 Quod
618 1463 662 1511 si,
680 1464 839 1512 judices,
858 1463 921 1501 hic
941 1476 1010 1514 pro
1029 1463 1105 1502 suis
1122 1465 1262 1503 benefi-

153 1518 234 1565 ciis,
253 1530 323 1568 pro
341 1530 409 1555 suo
428 1517 565 1564 studio,
587 1517 690 1568 quod
707 1518 747 1555 in
767 1530 832 1555 vos
850 1517 985 1555 habuit
1012 1530 1171 1568 semper,
1198 1518 1266 1556 tali

154 1584 223 1609 suo
237 1579 419 1621 tempore,
434 1571 646 1608 multorum
660 1584 816 1609 suorum
827 1578 925 1608 recte
938 1570 1123 1608 factorum
1138 1572 1264 1620 causa,

155 1624 224 1662 uni
243 1624 378 1662 delicto
406 1631 450 1661 ut
478 1624 716 1674 ignosceretis
744 1625 964 1675 postularet,
996 1631 1076 1662 tam
1105 1624 1267 1675 dignum

156 1678 281 1716 vestra
298 1677 589 1715 mansuetudine
608 1691 724 1728 quam
750 1678 888 1715 virtute
905 1677 1022 1727 hujus
1039 1685 1147 1726 esset,
1164 1678 1268 1727 judi-

158 1744 232 1779 ces,
264 1744 287 1768 a
315 1731 420 1769 vobis
449 1731 548 1768 hanc
575 1743 670 1778 rem,
700 1731 772 1769 hoc
803 1731 1031 1781 postulante,
1061 1730 1268 1782 impetrari.

157 1783 310 1822 Deinde
328 1797 465 1834 augere
482 1784 663 1822 beneficia
679 1784 819 1831 licebit,
841 1791 878 1821 et
897 1784 1042 1832 judices
1059 1797 1126 1834 per
1143 1785 1270 1823 locum

160 1850 405 1876 communem
450 1837 498 1874 ad
540 1837 757 1887 ignoscendi
797 1837 1032 1875 voluntatem
1075 1837 1269 1877 deducere.

160 1891 292 1939 Quare
315 1891 386 1928 hoc
414 1903 533 1940 genus
563 1903 799 1941 quamquam
817 1890 857 1927 in
884 1890 1035 1939 judiciis
1053 1902 1130 1929 non
1149 1903 1272 1930 versa-

160 1952 238 1992 tur,
258 1944 331 1982 nisi
355 1944 524 1995 quadam
542 1956 589 1981 ex
602 1952 739 1995 ,parte3
770 1951 898 1981 tamen
923 1944 1014 1994 quia
1032 1951 1069 1982 et
1086 1957 1173 1995 pars
1191 1945 1273 1996 ipsa

161 1997 374 2036 inducenda
391 2009 669 2048 nonnunquam
688 2004 756 2045 est,
777 2005 814 2035 et
832 1997 872 2034 in
891 2004 1023 2035 senatu
1041 2004 1107 2035 aut
1125 1997 1165 2034 in
1184 2011 1272 2036 con-

163 2052 246 2090 silio
267 2064 364 2101 saepe
393 2050 498 2088 omni
516 2050 556 2087 in
580 2063 716 2101 genere
744 2050 952 2098 tractanda,
982 2050 1024 2088 in
1053 2050 1093 2088 id
1121 2064 1274 2103 quoque

161 2112 348 2156 praecepta
362 2116 558 2155 ponemus.
591 2105 694 2142 Nam
705 2104 746 2141 in
764 2111 910 2152 senatu,
931 2110 968 2142 et
985 2103 1025 2141 in
1044 2104 1212 2153 consilio,
1228 2106 1275 2144 de

166 2159 337 2210 Syphace
355 2157 421 2196 diu
441 2157 690 2197 deliberatum
716 2165 796 2205 est;
829 2165 866 2197 et
897 2157 945 2196 de
975 2156 1027 2206 Q.
1053 2158 1276 2199 Numitorio
