1429 2344
178 87 259 128 206
312 87 389 128 DE
419 88 714 140 0RATORE,
745 89 844 129 Lm.
866 89 924 129 11.
955 90 1061 129 CAP.
1086 90 1146 129 15.

177 195 301 246 perior
328 197 468 236 leniore
493 197 660 249 quodam
686 210 777 237 sono
804 205 859 237 est
885 211 988 247 usuS,
1015 205 1054 237 et
1080 197 1148 250 qui
1176 197 1287 235 illum

177 249 365 301 impetum
398 251 554 290 oratoris
586 264 663 290 non
694 252 858 299 habeat;
900 252 1101 291 vehemens
1132 251 1288 290 fortasse

178 304 320 353 minus,
349 304 414 343 sed
445 305 640 357 aliquanto
671 314 799 344 tamen
832 313 900 354 est,
934 313 978 344 ut
1006 304 1103 344 mihi
1132 304 1288 357 quidem

179 357 340 408 videtur,
361 358 518 397 dulcior.
546 359 740 398 Minimus
757 367 851 398 natu
868 360 1006 398 horum
1024 358 1199 398 omnium
1217 358 1289 396 Ti-

179 422 313 461 maeus,
343 419 532 463 quantum
553 420 681 452 autem
697 413 867 463 judicare
884 426 1053 465 possum,
1071 413 1186 464 longe
1204 425 1289 450 eru-

177 464 399 514 ditissimus,
429 473 466 504 et
490 478 617 505 rerum
642 466 748 518 copia
767 473 803 505 et
821 467 1093 506 sententiarum
1111 466 1291 505 varietate

179 519 540 569 abundantissimus,
562 527 599 558 et
616 519 698 572 ipsa
716 521 984 573 compositione
998 522 1199 559 verborum
1212 532 1290 558 non

179 571 390 623 impolitus,
409 586 591 625 magnam
610 576 865 628 eloquentiam
893 575 942 613 ad
967 574 1208 613 scribendum
1233 580 1291 612 at·

181 627 283 675 tulit,
305 627 369 666 sed
386 628 539 666 nullum
556 641 671 667 usum
689 629 888 668 forensem.

234 680 332 720 Haec
357 694 445 720 cum
470 682 535 720 ille
560 682 729 733 dixisset,
757 682 864 731 Quid
890 689 958 731 est,
977 681 1118 734 inquit,
1139 680 1290 729 Catule,

182 733 309 773 Caesar
323 737 340 774 ξ)
355 735 423 773 ubi
437 743 540 785 sunt,
556 736 623 788 qui
636 737 856 775 Antonium
871 737 1003 775 Graece
1016 741 1157 788 negant
1171 735 1263 774 scire
1272 736 1292 773 ?

181 795 276 839 quot
307 788 501 828 historicos
531 791 767 829 nominavit!
806 803 924 842 quam
956 789 1137 829 scienter!
1175 801 1292 841 quam

181 842 332 893 proprie
352 843 398 881 de
411 856 643 897 unoquoque
661 844 784 883 dixit!
815 845 879 894 Id,
905 844 1133 892 mehercule,
1166 842 1294 894 inquit

183 895 343 935 Catulus
376 897 582 948 admirans,
615 898 714 937 illud
742 900 825 948 jam
857 898 986 937 mirari
1017 897 1160 946 desino,
1190 895 1293 947 quod

182 950 305 988 multo
329 950 451 1002 magis
471 959 558 990 ante
575 952 755 1002 mirabar,
776 953 892 1002 hunc,
914 965 1002 990 cum
1020 952 1101 990 haec
1119 950 1291 998 nesciret,

184 1002 224 1040 in
239 1003 396 1042 dicendo
415 1018 523 1055 posse
541 1012 703 1044 tantum.
731 1006 872 1058 Atqui,
892 1006 1042 1054 Catule,
1063 1004 1189 1056 inquit
1205 1003 1295 1042 An-

183 1057 324 1107 tonius,
344 1071 421 1096 non
440 1072 510 1110 ego
528 1060 730 1099 utilitatem
745 1061 915 1112 aliquam
934 1059 984 1098 ad
1002 1059 1206 1098 dicendum
1225 1070 1293 1095 au-

183 1124 340 1162 cupans,
366 1112 505 1150 horum
528 1113 657 1163 libros,
686 1121 722 1153 et
740 1114 942 1152 nonnullos
960 1113 1067 1161 alios,
1087 1111 1153 1151 sed
1171 1112 1293 1150 delec-

184 1165 335 1203 tationis
365 1165 490 1214 causai,
518 1180 606 1205 cum
634 1175 688 1206 est
714 1167 850 1216 otium,
876 1168 1000 1218 legere
1027 1166 1140 1205 soleo.
1187 1164 1294 1214 Quid

185 1231 273 1269 ergo
293 1222 378 1258 est?
406 1220 578 1259 fatebor:
609 1221 754 1273 aliquid
779 1229 932 1259 tamen:
962 1228 1019 1269 ut,
1049 1233 1137 1259 cum
1155 1219 1196 1257 in
1216 1219 1294 1256 sole

184 1266 393 1322 ambulem,
422 1274 569 1312 etiamsi
594 1275 710 1313 aliam
733 1277 782 1314 ob
806 1287 959 1314 causam
984 1274 1193 1321 ambulem,
1213 1272 1295 1310 fieri

187 1327 324 1364 natura
352 1335 494 1377 tamen,
525 1335 569 1366 ut
593 1329 759 1375 colorer;
789 1329 854 1377 sic,
880 1341 969 1367 cum
993 1328 1082 1366 istos
1105 1327 1221 1365 libros
1246 1325 1295 1363 ad

187 1379 387 1419 Misenum
413 1384 521 1426 (nam
541 1382 678 1421 Romae
697 1383 762 1421 vix
779 1383 882 1431 licet)
902 1381 1104 1421 studiosius
1121 1379 1293 1431 legerim,

186 1434 305 1472 sentio
324 1435 532 1474 orationem
550 1449 677 1475 meam
694 1437 849 1475 illorum
867 1442 969 1475 tactu
993 1435 1101 1487 quasi
1125 1433 1294 1473 colorari.

187 1487 276 1536 Sed,
306 1501 354 1526 ne
377 1489 490 1528 latius
516 1490 587 1528 hoc
613 1491 718 1529 vobis
742 1498 868 1543 patere
894 1490 1079 1538 videatur,
1098 1489 1180 1527 haec
1197 1487 1296 1525 dun-
1343 1502 1353 1510 ⁸

185 1546 292 1579 taxat
309 1542 350 1580 in
377 1542 519 1582 Graecis
544 1543 728 1596 intelligo,
755 1558 842 1596 quae
860 1544 946 1596 ipsi,
967 1543 1036 1595 qui
1054 1543 1294 1594 seripserunt,

186 1595 387 1634 voluerunt
406 1610 428 1634 a
447 1598 562 1648 vulgo
577 1598 761 1649 intelligi:
791 1598 832 1636 in
848 1597 1092 1649 philosophos
1106 1603 1246 1635 vestros
1265 1594 1296 1632 si

186 1649 340 1699 quando
370 1649 500 1699 incidi,
534 1651 710 1703 deceptus
743 1652 930 1690 indicibus
959 1651 1159 1698 librorum,
1192 1647 1295 1700 quod

188 1709 278 1740 sunt
306 1702 384 1740 fere
412 1704 582 1756 inscripti
606 1706 653 1744 de
677 1707 789 1744 rebus
814 1706 912 1744 notis
937 1711 974 1743 et
996 1703 1222 1751 illustribus,
1248 1701 1296 1739 de

188 1756 341 1805 virtute,
362 1756 408 1794 de
425 1758 587 1807 justitia,
608 1758 655 1797 de
673 1759 880 1807 honestate,
906 1758 954 1796 de
979 1758 1186 1809 voluptate,
1214 1768 1296 1794 ver-

190 1811 286 1847 bum
309 1823 461 1861 prorsus
486 1813 638 1850 nullum
664 1813 857 1863 intelligo:
887 1812 943 1851 ita
967 1818 1056 1850 sunt
1073 1809 1243 1862 angustis
1261 1816 1298 1847 et

189 1863 343 1902 concisis
381 1864 700 1916 disputationibus
735 1866 897 1917 illigati!
950 1865 1088 1904 Poe'tas
1124 1863 1295 1911 omnino,

189 1917 299 1969 quasi
325 1917 401 1956 alia
426 1919 594 1970 quadam
612 1920 745 1971 lingua
766 1921 924 1968 locutos,
950 1932 1027 1958 non
1051 1930 1165 1957 conor
1182 1916 1297 1955 attin-

190 1984 301 2021 gere:
332 1984 421 2009 cum
438 1973 498 2011 his
516 1985 579 2012 me
605 1975 665 2017 (ut
689 1974 786 2021 dixi)
805 1974 964 2022 oblecto,
991 1973 1060 2025 qui
1077 1985 1136 2010 res
1159 1977 1296 2022 gestas,

190 2031 257 2062 aut
286 2025 353 2076 qui
378 2026 562 2065 orationes
591 2028 819 2079 scripserunt
847 2040 947 2075 suas,
978 2033 1045 2065 aut
1069 2025 1137 2077 qui
1164 2025 1218 2062 ita
1241 2024 1298 2062 lo-

190 2086 376 2129 quuntur,
392 2087 436 2117 ut
450 2080 648 2119 videantur
667 2081 828 2120 voluisse
846 2081 968 2129 nobis,
985 2079 1052 2133 qui
1070 2091 1147 2119 non
1166 2089 1299 2117 sumus

191 2132 447 2181 eruditissimi,
468 2147 546 2172 esse
563 2134 778 2173 familiares.

245 2185 338 2224 XV.
369 2187 444 2228 Sed
462 2187 552 2229 illuc
570 2188 690 2229 redeo.
721 2188 933 2240 Videtisne,
950 2194 1140 2241 quantum
1158 2196 1299 2226 munus
