1407 2324
204 76 282 116 DE
310 73 606 125 0RATORE,
638 74 738 113 Lm.
760 73 842 112 111.
872 72 977 112 CAP.
998 73 1063 112 39.
1116 62 1187 111 33‘1

85 191 174 224 sunt
191 187 390 236 poetarum
407 183 568 221 licentiae
585 181 773 229 liberiora,
793 193 910 233 quam
927 187 1089 218 nostrae:
1128 178 1194 218 sed

86 246 215 277 tamen
242 236 366 288 [raro]
392 237 508 274 habet
530 236 643 274 etiam
670 235 711 272 in
729 235 894 273 oratione
912 233 1107 285 poe'ticum
1125 233 1196 269 ali-

88 291 192 343 quod
210 292 368 329 verbum
387 289 623 340 dignitatem.
654 289 791 340 Neque
805 287 905 326 enim
920 287 1017 324 illud
1028 285 1193 336 fugerim

89 346 224 392 dicere,
243 351 287 381 ut
308 344 461 391 Coelius,
490 346 517 365 “
538 343 625 386 Qua
645 349 864 391 tempestate
886 344 1030 379 Poenus
1051 342 1095 377 in,
1114 341 1198 377 Ila-

88 400 186 436 liam
203 399 307 436 venit
320 414 332 434 :
367 409 435 435 nec
447 399 610 446 prolem,
631 404 697 434 aut
715 397 886 441 sobolem,
908 401 974 432 aut
991 393 1117 444 effari,
1131 399 1198 430 aut

90 452 342 501 nuncupari:
375 458 454 497 aut,
474 458 519 488 ut
536 458 578 488 tu
598 450 705 497 soles,
727 449 877 495 Catule,
897 462 973 485 ηοη
989 449 1110 490 rebar,
1132 453 1199 483 aut

91 506 300 555 opinabar-3
313 512 350 542 et
367 504 442 541 alia
454 505 590 551 multa,
611 504 750 554 quibus
768 503 850 540 loco
864 502 1006 552 positis,
1023 499 1199 551 grandior

93 567 207 610 atque
226 557 414 609 antiquior
441 558 557 595 oratio
583 570 680 607 saepe
703 555 819 593 videri
847 556 949 592 solet.
998 554 1200 591 Novantur

93 621 222 650 autem
237 613 364 658 verba,
380 624 466 662 quae
484 613 531 648 ab
551 623 607 658 eo,
628 610 695 661 qui
713 609 816 655 dicit,
837 609 918 659 ipso
931 608 1140 659 gignuntur
1159 618 1202 643 ac

94 667 206 713 fiunt,
226 665 286 704 vel
304 664 574 715 conjungendis
593 663 728 712 verbis,
748 671 792 700 ut
809 663 890 700 haec
906 675 916 698 :

148 754 176 776 “
196 753 303 791 Tum
321 765 437 803 pavor
456 751 679 802 sapientiam
696 763 849 789 omnem
867 749 965 788 mihi
983 748 1201 787 exanimato

311 805 564 857 expectorat.”

152 903 180 924 “
190 901 302 940 Num
312 912 389 938 non
403 900 459 938 vis
472 899 588 949 hujus
599 912 661 937 me
672 898 944 949 versutiloquas
958 896 1164 934 malitias''.
1173 925 1199 935 .-

99 988 232 1028 videtis
251 988 353 1026 enim
373 994 409 1025 et
433 988 725 1036 versutiloquas,
747 991 783 1022 et
801 989 1029 1033 expectorat,
1051 995 1098 1020 ex
1117 995 1205 1020 con-

96 1043 291 1093 junctione
308 1041 408 1079 facta
426 1053 503 1078 esse
531 1042 657 1087 verba,
678 1052 753 1076 non
779 1045 879 1075 nata.
908 1037 983 1075 Vel
1002 1048 1100 1086 saepe
1126 1036 1205 1073 sine

99 1095 362 1145 conjunctione
392 1092 525 1142 [verba
552 1093 775 1142 novantur-J,
804 1098 847 1128 ut
875 1089 924 1139 [“
944 1092 1005 1127 ille
1030 1087 1208 1137 senz‘us,''

101 1157 158 1196 ut,
188 1152 216 1171 “
235 1150 313 1187 Dii
326 1146 576 1199 genitales’']‚
604 1153 648 1183 ut
674 1149 701 1168 ‘⁶
721 1147 930 1182 baccarum
956 1145 1126 1181 ubertate
1146 1145 1208 1180 in-

103 1202 359 1241 curvescere.”
402 1201 556 1239 Tertius
580 1200 644 1237 ille
670 1199 806 1236 modus
832 1197 1078 1235 transferendi
1104 1196 1209 1234 verbi

99 1257 177 1295 late
194 1264 311 1307 patet,
331 1267 447 1306 quem
474 1253 670 1292 necessitas
696 1252 840 1302 genuit,
867 1251 996 1301 inopia
1021 1256 1146 1287 coacta
1171 1255 1208 1286 et

104 1309 311 1360 angustiis3
341 1315 426 1359 post
443 1315 570 1344 autem
589 1305 783 1343 delectatio
798 1304 1091 1353 jucunditasque
1115 1302 1213 1339 cele-2-

103 1363 238 1401 bravit.
280 1362 399 1408 Nam,
419 1368 463 1398 ut
481 1360 606 1405 vestis,
625 1358 773 1408 frigoris
792 1357 1003 1408 depellendi
1022 1356 1134 1393 causa
1152 1368 1210 1392 re-

105 1423 213 1467 perta
243 1415 380 1466 primo,
411 1420 496 1464 post
525 1412 694 1450 adhiberi
723 1418 842 1461 coepta
870 1418 924 1448 est
953 1409 1001 1447 ad
1032 1416 1209 1446 ornatum

107 1469 222 1508 etiam
241 1467 403 1518 corporis
421 1474 458 1504 et
476 1466 723 1516 dignitatem;
754 1465 805 1502 sic
824 1464 927 1501 verbi
945 1462 1138 1500 translatio
1151 1462 1211 1498 in-

111 1523 242 1561 stituta
273 1528 328 1559 est
355 1521 492 1571 inopiae
520 1519 645 1565 causa,
678 1518 916 1568 frequentata
945 1515 1210 1554 delectationis.

110 1576 216 1614 Nam
237 1576 264 1597 “
276 1587 471 1623 gemmare
488 1571 870 1620 vites,'’⁴“luoeurIem
888 1583 964 1609 esse
983 1573 1027 1607 z'n
1045 1567 1212 1614 lzerbis,’'

109 1631 139 1652 ‘⁶
158 1630 268 1666 laetas
294 1627 475 1677 segetes,''
501 1627 615 1664 etiam
640 1625 768 1663 rustici
787 1625 928 1662 dicunt.
969 1622 1086 1670 Quod
1112 1622 1214 1660 enim

111 1682 291 1721 declarari
316 1682 380 1720 vix
405 1682 518 1719 verbo
542 1679 693 1730 proprio
715 1685 849 1729 potest,
870 1678 910 1715 id
927 1677 1107 1714 translato
1126 1688 1215 1713 cum

112 1743 168 1774 oet
186 1736 344 1783 dictum,
363 1735 527 1772 illustrat
544 1733 597 1780 id,
614 1733 717 1783 quod
738 1731 900 1781 intelligi
925 1730 1116 1776 volumus,
1133 1729 1215 1777 ejus

111 1789 181 1837 rei,
209 1801 327 1840 quam
351 1788 473 1825 alieno
490 1788 604 1825 verbo
621 1785 831 1836 posuimus,
852 1782 1070 1822 similitudo.
1112 1781 1218 1831 Ergo

112 1843 174 1881 hae
187 1841 460 1888 translationes,
475 1840 583 1891 quasi
596 1839 850 1876 mutuationes
869 1844 971 1884 sunt,
992 1848 1093 1882 cum,
1114 1833 1217 1884 quod

115 1908 194 1934 non
212 1895 365 1942 habeas,
385 1893 537 1932 aliunde
556 1905 694 1930 sumas.
750 1892 834 1930 111ae
852 1891 967 1942 paulo
986 1888 1217 1935 audaciores,

117 1962 204 2000 quae
232 1961 309 1986 non
334 1948 503 1998 inopiam
529 1946 711 1993 indicant,
740 1945 804 1983 sed
831 1943 989 1982 orationi
1011 1940 1219 1992 splendoris

119 2001 264 2053 aliquid
287 2008 500 2039 arcessunt:
530 2012 694 2051 quarum
725 2011 794 2049 ego
820 1997 913 2049 quid
938 1995 1043 2033 vobis
1069 1999 1136 2031 aut
1159 1992 1218 2031 in-

118 2054 291 2093 veniendi
308 2055 506 2100 rationem,
527 2059 593 2090 aut
607 2065 757 2103 genera,
772 2063 913 2102 ponam
930 2051 948 2087 Ρ

172 2107 374 2145 XXXIX.
403 2105 670 2146 Similitudinis
689 2112 744 2143 est
762 2104 810 2142 ad
829 2105 986 2141 verbum
999 2113 1121 2139 unum
1132 2112 1221 2139 con-

118 2167 237 2200 tracta
249 2161 424 2211 brevitas,
439 2160 543 2212 quod
557 2161 714 2200 verbum
729 2159 769 2197 in
783 2158 905 2197 alieno
915 2157 1011 2203 loco,
1024 2162 1223 2206 tamquam
