1429 2344
202 60 279 98 288
354 57 430 98 DE
460 56 755 107 ORATORE,
775 56 873 96 Lm.
891 56 949 96 ΙΙ.
971 57 1074 96 CAP.
1090 59 1155 98 90.

201 165 364 214 Antoni,
381 178 467 217 quae
485 172 574 204 sunt
591 165 704 216 longe
722 178 840 214 secus,
861 164 955 216 quid
971 165 1069 203 mihi
1087 172 1130 203 tu
1149 163 1302 203 tandem

201 220 325 268 hodie,
336 227 402 257 aut
409 219 588 270 cuiquam
596 218 758 279 homini,
765 218 867 279 quod
875 219 948 257 dici
958 219 1087 270 possit,
1097 217 1303 269 reliquisti?

201 272 341 311 Dicam
360 272 462 310 enim
481 285 579 320 vere,
600 272 816 310 amicissimi
833 272 1017 320 homines,
1039 272 1141 324 quod
1159 271 1301 310 sentio.

197 339 297 377 saepe
316 338 385 376 ego
403 326 529 363 doctos
547 325 747 364 homines.
831 325 956 377 ,quid
974 325 1071 373 dico,
1099 327 1126 348 “
1143 325 1293 376 saepe’'.
1282 326 1301 352 ⁹

200 379 323 417 immo
341 391 616 430 nonnunquam
638 382 752 430 (saepe
770 379 871 417 enim
890 381 958 430 qui
984 379 1104 430 potui,
1125 379 1191 430 qui
1209 391 1305 429 puer

201 433 243 470 in
262 433 387 470 forum
403 446 427 470 v
428 432 583 479 enerim,
597 445 719 483 neque
731 433 819 470 inde
831 444 1001 493 unquam
1014 432 1169 479 diutius,
1186 443 1304 483 quam

202 493 379 537 quaestor,
400 486 586 524 abfuerim
601 488 636 533 ἓ)
652 486 716 524 sed
734 493 860 523 tamen
876 485 999 523 audiv
989 498 1016 533 1,
1034 489 1093 528 (ut
1111 486 1191 523 heri
1206 485 1304 523 dice-

200 541 308 585 bam)
329 546 365 577 et
379 539 543 577 Athenis
563 552 650 577 cum
670 551 801 586 essem,
822 539 1053 577 doctissimos
1071 539 1182 586 viros,
1210 546 1246 576 et
1263 538 1304 576 in

200 593 299 631 Asia
310 593 427 630 istum
441 593 567 643 ipsum
584 593 779 644 Scepsium
793 592 1070 638 Metrodorum,
1087 605 1175 630 cum
1187 592 1233 629 de
1245 591 1304 629 his

200 646 291 697 ipsis
317 648 428 684 rebus
454 646 684 696 disputaret:
722 659 844 697 neque
870 659 956 683 vero
980 645 1076 682 mihi
1102 645 1305 696 quisquam

200 700 385 750 copiosius
404 712 576 750 unquam
596 700 697 737 visus
723 707 790 747 est,
817 712 941 750 neque
966 698 1155 745 subtilius,
1175 698 1215 736 in
1233 698 1306 736 hoc

199 766 335 804 genere
353 753 514 801 dicendi,
531 766 648 804 quam
666 753 735 790 iste
749 752 873 799 hodie,
890 765 968 790 esse
981 759 1158 790 versatus.
1188 751 1306 799 Quod

200 807 232 844 si
263 814 356 844 esset
386 807 506 854 aliter,
539 813 575 844 et
605 807 749 858 aliquid
779 806 1028 856 intelligerem
1057 807 1104 843 ab
1133 805 1306 843 Antonio

195 860 503 911 praetermissum,
520 872 596 897 non
611 873 729 898 essem
744 867 824 897 tam
835 860 1057 906 inurbanus,
1074 872 1116 897 ac
1129 871 1236 910 paene
1248 858 1306 895 in-

197 913 404 959 humanus,
424 914 481 950 uti
500 926 543 951 eo
557 927 744 964 gravarer,
758 913 860 964 quod
872 926 936 951 vos
950 925 1086 963 cupere
1097 912 1287 951 sentirem.

253 966 359 1003 Tum
375 966 578 1016 Sulpicius,
594 967 661 1004 An
674 980 774 1017 ergo,
788 966 925 1017 inquit,
943 966 1081 1004 oblitus
1093 979 1144 1014 es,
1156 966 1303 1013 Crasse,

198 1020 417 1058 Antonium
443 1020 496 1057 ita
520 1021 703 1070 partitum
731 1033 807 1057 esse
833 1027 971 1066 tecum,
991 1026 1035 1056 ut
1060 1019 1140 1069 ipse
1164 1020 1304 1057 instru-

198 1080 374 1111 mentum
401 1073 555 1111 oratoris
581 1081 795 1124 exponeret,
823 1073 893 1110 tibi
919 1073 999 1121 ejus
1025 1072 1303 1111 distinctionem

196 1135 314 1178 atque
328 1133 504 1164 ornatum
522 1126 778 1177 relinqueret?
810 1126 888 1164 Hic
906 1126 983 1173 ille,
1005 1126 1195 1174 Primum,
1217 1126 1302 1177 quis

200 1180 374 1218 Antonio
405 1179 588 1230 permisit,
617 1180 754 1231 inquit,
787 1187 830 1216 ut
858 1186 894 1217 et
921 1186 1044 1229 partes
1074 1179 1222 1225 faceret,
1253 1187 1304 1228 et,

200 1241 327 1271 utram
359 1234 484 1281 vellet,
518 1233 619 1283 prior
643 1234 722 1284 ipse
754 1240 918 1270 sumeret
931 1235 948 1270 Ρ
989 1232 1151 1279 Deinde,
1175 1233 1206 1270 si
1235 1245 1305 1282 ego

201 1294 299 1324 recte
330 1286 512 1333 intellexi,
545 1300 632 1324 cum
665 1286 773 1324 valde
801 1287 959 1324 libenter
991 1286 1175 1333 audirem,
1205 1285 1305 1323 milri

201 1342 400 1389 conjuncte
419 1346 473 1378 est
498 1340 598 1377 visus
617 1340 663 1377 de
688 1340 848 1390 utraque
874 1353 914 1377 re
939 1339 1070 1377 dicere.
1109 1339 1182 1377 Ille
1201 1352 1300 1385 vero,

195 1394 324 1445 inquit
343 1393 468 1441 Cotta,
489 1400 710 1430 ornamenta
728 1393 903 1430 orationis
921 1405 998 1430 non
1023 1392 1159 1443 attigit,
1180 1405 1305 1444 neque

197 1459 282 1485 eam
301 1447 468 1492 laudem,
489 1460 536 1484 ex
564 1447 642 1498 qua
661 1446 873 1497 eloquentia
897 1456 1035 1483 nomen
1054 1446 1180 1496 ipsum
1199 1447 1303 1484 inve-

197 1501 265 1538 nit.
296 1500 426 1538 Verba
444 1499 572 1550 igitur,
592 1500 717 1550 inquit
743 1500 912 1548 Crassus,
932 1499 1029 1536 mihi
1046 1500 1198 1551 reliquit
1215 1500 1303 1538 An-

196 1553 325 1591 tonius
342 1567 353 1598 3
383 1566 463 1591 rem
482 1553 561 1603 ipse
581 1554 725 1591 sumsit.

253 1606 360 1643 Tum
381 1606 519 1652 Caesar,
537 1606 590 1654 Si,
608 1607 710 1657 quod
724 1606 911 1644 difficilius
924 1613 990 1654 est,
1002 1605 1041 1643 id
1053 1606 1122 1644 tibi
1132 1606 1299 1658 reliquit,

199 1666 254 1698 est
266 1659 387 1707 nobis,
404 1660 542 1711 inquit,
559 1673 683 1707 causa,
697 1673 763 1698 cur
781 1668 817 1698 te
829 1660 957 1697 audire
976 1660 1172 1710 cupiamus
1186 1674 1197 1705 3
1228 1660 1299 1707 sin,

198 1713 302 1763 quod
327 1713 486 1759 facilius,
516 1713 586 1751 tibi
620 1726 732 1751 causa
755 1726 831 1750 11011
858 1720 925 1761 est,
954 1726 1020 1751 cur
1049 1726 1205 1751 recuses.
1248 1713 1303 1751 Et

199 1766 375 1813 Catulus,
392 1766 499 1813 Quid
516 1768 533 1803 Ρ
562 1766 664 1816 quod
689 1766 830 1814 dixisti,
851 1766 988 1816 inquit,
1010 1766 1154 1813 Crasse,
1183 1767 1213 1804 si
1237 1766 1302 1804 hic

197 1819 310 1857 hodie
328 1819 430 1869 apud
449 1826 485 1856 te
503 1831 754 1867 maneremus,
775 1826 811 1857 te
829 1832 974 1856 morem
996 1820 1105 1857 nobis
1123 1833 1200 1857 esse
1219 1833 1301 1870 ges-

196 1878 343 1920 turum,
359 1872 502 1910 nihilne
517 1872 564 1908 ad
578 1872 692 1910 fidem
705 1880 810 1910 tuam
824 1880 935 1923 putas
949 1873 1133 1923 pertinere
1147 1875 1164 1910 Ρ
1193 1873 1301 1911 Tum

198 1925 311 1964 Cotta
329 1925 466 1972 ridens,
488 1925 642 1962 Possem
661 1926 744 1971 tibi,
763 1926 900 1976 inquit,
919 1925 1064 1972 Crasse,
1080 1926 1299 1964 concedere:

199 1979 263 2016 sed
282 1979 380 2026 vide,
401 1991 448 2016 ne
468 1978 560 2029 quid
586 1978 745 2016 Catulus
771 1979 937 2016 attulerit
962 1979 1175 2029 religionis:
1207 1993 1302 2030 opus

199 2032 270 2070 hoc
289 2032 498 2070 censorium
511 2039 587 2070 est:
617 2032 657 2069 id
675 2040 802 2070 autem
818 2032 1064 2079 committere,
1081 2033 1165 2070 vide
1185 2046 1301 2083 quam

198 2085 246 2124 sit
264 2085 410 2124 homini
429 2093 538 2137 turpe
555 2085 731 2124 censorio.
759 2085 878 2137 Agite
897 2098 999 2135 vero,
1019 2085 1084 2125 ille
1101 2086 1239 2138 inquit,
1259 2092 1304 2124 ut

1305 2185 1331 2211 1·
