1429 2344
149 60 230 102 306
283 58 362 100 DE
381 58 676 110 ORATORE,
706 58 807 98 Lm.
828 57 910 98 ΙΙΙ.
940 57 1045 98 CAP.
1070 59 1131 105 17.

150 169 382 220 fingerentur
407 175 522 221 atque
547 169 742 217 virtutem,
768 180 882 206 omne
905 173 1056 219 tempus
1075 173 1190 219 atque
1208 181 1258 207 ae-

152 230 248 261 tates
266 236 352 261 suas
374 229 673 261 consumserunt.

206 277 324 315 XVI.
355 277 442 324 Sed,
473 276 577 328 quod
602 282 709 314 erant
726 275 898 327 quidam,
918 274 1021 327 iique
1038 273 1166 323 multi,
1193 276 1261 327 qui

152 337 220 368 aut
245 330 285 367 in
311 331 505 381 republica
530 338 681 380 propter
700 329 917 380 ancipitem,
938 342 1024 380 quae
1043 341 1120 366 non
1138 336 1261 379 potest

152 396 233 421 esse
257 384 439 433 sejuncta,
466 384 629 422 faciendi
651 383 874 434 dicendique
893 382 1131 434 sapientiam,
1150 382 1261 421 flore-

152 444 251 486 rent,
280 445 324 474 ut
342 437 631 485 Themistocles,
656 445 700 475 ut
720 437 895 485 Pericles,
922 443 967 474 ut
984 436 1258 485 Theramenes,

153 498 233 538 aut,
265 491 332 542 qui
361 492 489 529 minus
516 491 589 542 ipsi
617 491 658 528 in
687 490 881 542 republica
910 497 1158 538 versarentur,
1196 490 1261 529 sed

152 544 269 593 hujus
298 552 426 583 tamen
452 545 621 594 ejusdem
646 544 838 595 sapientiae
863 543 1029 581 doctores
1056 551 1189 592 essent,
1218 550 1264 582 ut

154 597 330 649 Gorgias,
346 599 670 650 Thrasymachus,
689 599 891 642 Isocrates;
908 596 1052 635 inventi
1063 604 1165 645 sunt,
1178 598 1261 648 qui,

152 664 242 689 cum
260 652 334 702 ipsi
351 652 522 690 doctrina
540 659 576 690 et
594 652 755 702 ingeniis
770 651 1019 698 abundarent,
1040 663 1064 688 a
1079 664 1120 688 re
1134 659 1264 689 autem

151 705 255 743 civili
274 713 310 743 et
335 719 358 743 a
375 706 548 756 negotiis,
576 706 695 743 animi
718 705 885 757 quodam
906 704 1065 754 judicio,
1085 704 1263 743 abhorre-

152 765 250 807 rent,
279 760 378 797 hanc
397 759 545 798 dicendi
564 759 870 797 exercitationem
896 758 1130 808 exagitarent
1147 765 1263 810 atque

153 820 460 860 contemnerent3
490 826 655 864 quorum
686 813 859 864 princeps
891 812 1060 850 Socrates
1092 811 1181 861 fuit,
1214 812 1262 862 is,

152 866 235 916 qui,
264 867 439 904 omnium
469 867 703 904 eruditorum
728 865 956 914 testimonio,
981 865 1173 917 totiusque
1197 866 1263 915 ju-

152 919 251 958 dicio
272 920 441 967 Graeciae,
463 934 551 958 cum
569 920 785 971 prudentia,
807 926 843 958 et
861 919 1049 967 acumine,
1071 926 1108 957 et
1125 931 1262 958 venus-

152 979 244 1020 tate,
276 980 313 1011 et
337 974 558 1021 subtilitate,
585 981 670 1011 tum
695 987 783 1012 vero
812 972 1040 1024 eloquentia,
1067 972 1260 1023 varietate,

151 1027 275 1077 copia,
292 1041 409 1077 quam
428 1041 467 1065 se
485 1040 650 1079 cumque
668 1028 708 1064 in
726 1034 873 1078 partem
891 1026 1066 1074 dedisset,
1087 1026 1261 1065 omnium

151 1080 228 1118 fuit
245 1081 355 1118 facile
372 1081 558 1132 princeps.
602 1081 642 1119 Is
667 1081 726 1128 iis,
754 1080 821 1131 qui
845 1080 940 1128 haec,
967 1093 1054 1131 quae
1072 1092 1140 1118 nos
1157 1092 1262 1119 nunc

152 1135 374 1185 quaerimus,
388 1141 603 1182 tractarent,
617 1141 784 1185 agerent,
800 1133 988 1182 docerent,
1004 1146 1092 1170 cum
1107 1134 1262 1173 nomine

152 1189 433 1238 appellarentur
462 1201 553 1234 uno,
588 1188 691 1239 quod
721 1188 844 1226 omnis
872 1200 1000 1224 rerum
1029 1187 1262 1237 optimarum

152 1241 330 1291 cognitio,
360 1248 473 1293 atque
491 1242 532 1278 in
549 1242 595 1279 iis
615 1241 842 1290 exercitatio,
874 1240 1114 1291 philosophia
1137 1242 1262 1280 nomi-

152 1301 319 1343 naretur,
339 1295 411 1333 hoc
436 1308 639 1333 commune
663 1308 803 1333 nomen
826 1293 977 1345 eripuit,
998 1294 1261 1346 sapienterque

152 1348 351 1397 sentiendi,
372 1356 409 1386 et
423 1356 552 1387 ornate
570 1349 718 1386 dicendi
737 1348 945 1396 scientiam,
965 1360 1005 1385 re
1019 1347 1259 1400 cohaerentes‚

152 1402 471 1453 disputationibus
497 1403 573 1440 suis
599 1403 809 1453 separavit:
840 1402 948 1450 cujus
972 1400 1169 1452 ingenium
1194 1416 1260 1441 va-

152 1456 304 1506 riosque
335 1469 523 1494 sermones
554 1456 831 1494 immortalitati
861 1454 1006 1506 scriptis
1037 1455 1114 1493 suis
1147 1456 1260 1496 Plato

151 1510 321 1557 tradidit,
350 1523 439 1548 cum
456 1510 536 1560 ipse
553 1510 701 1547 literam
729 1510 898 1548 Socrates
919 1509 1067 1546 nullam
1084 1509 1259 1561 reliquis-

150 1569 218 1601 set.
249 1563 353 1600 Hinc
371 1563 572 1601 discidium
590 1563 688 1601 illud
707 1563 849 1601 exstitit
867 1562 975 1614 quasi
987 1561 1129 1612 linguae
1142 1570 1258 1615 atque

149 1616 286 1664 cordis,
306 1617 514 1654 absurdum
533 1629 622 1655 sane
641 1624 678 1655 et
689 1617 825 1655 inutile
838 1623 874 1655 et
888 1615 1254 1667 reprehendendum,

150 1676 195 1707 ut
212 1669 277 1707 alii
295 1682 363 1708 nos
382 1683 523 1721 sapere,
548 1671 613 1708 alii
638 1671 760 1709 dicere
784 1671 968 1708 docerent.
1015 1669 1058 1711 N
1059 1682 1136 1718 am,
1165 1683 1255 1709 cum

150 1729 273 1762 essent
290 1723 418 1774 plures
436 1724 507 1761 orti
525 1724 602 1762 fere
620 1737 644 1761 a
662 1725 826 1773 Socrate,
846 1723 962 1775 quod,
989 1735 1036 1760 ex
1059 1722 1163 1761 illius
1187 1737 1254 1763 va·

149 1777 229 1825 riis,
259 1782 296 1814 et
314 1777 481 1826 diversis,
501 1784 538 1815 et
556 1777 596 1814 in
615 1790 768 1815 omnem
792 1784 940 1828 partem
958 1775 1104 1814 diffusis
1122 1776 1252 1828 dispu-

149 1830 369 1877 tationibus,
398 1831 494 1868 alius
513 1830 618 1867 aliud
639 1830 959 1881 apprehenderat3
987 1830 1253 1881 proseminatae

148 1891 239 1922 sunt
257 1884 367 1935 quasi
383 1883 537 1921 familiae
555 1884 810 1922 dissentientes
827 1884 925 1922 inter
943 1896 995 1932 se,
1026 1889 1063 1921 et
1079 1885 1251 1924 multum

147 1938 347 1986 disjunctae
371 1944 408 1976 et
432 1938 610 1989 dispares,
637 1951 726 1976 cum
750 1945 878 1976 tamen
903 1949 1032 1975 omnes
1059 1950 1098 1975 se
1125 1937 1251 1988 philo-

149 1991 260 2043 sophi
279 1991 483 2030 Socraticos
501 1999 538 2029 et
556 1991 630 2030 dici
644 1992 796 2039 vellent,
816 1998 853 2029 et
871 2003 949 2029 esse
966 1990 1250 2031 arbitrarentur.

202 2044 344 2083 XVII.
373 2045 436 2084 Ac
458 2045 582 2097 primo
605 2047 654 2084 ab
674 2045 757 2096 ipso
782 2045 942 2083 Platone
965 2044 1188 2084 Aristoteles
1212 2049 1252 2085 et'

148 2099 406 2146 Xenocrates3
447 2112 610 2151 quorum
643 2100 736 2138 alter
768 2098 1117 2150 Peripateticorum,
1154 2099 1249 2138 alter

147 2152 368 2193 Academiae
391 2166 530 2194 nomen
555 2153 742 2194 obtinuit:
772 2153 907 2194 deinde
930 2154 978 2193 ab
1003 2151 1247 2201 Antisthene,
