1407 2324
142 69 219 110 DE
239 69 442 110 CLARIS
461 70 845 120 ORATORIBUS,
866 70 969 109 CAP.
987 70 1047 107 14.
1093 69 1171 114 367

83 175 198 214 tradit
212 175 417 225 Homerus,
433 177 497 215 sed
511 190 631 228 pauca
645 177 841 215 dicentem.
871 176 1042 214 Brevitas
1056 183 1185 213 autem

83 229 167 266 laus
191 237 247 267 est
272 229 462 268 interdum
488 231 528 267 in
553 231 682 281 aliqu-21
709 239 814 281 parte
839 229 1010 275 dicendi3
1039 229 1079 266 in
1101 229 1188 266 uni-

84 282 190 320 versa
208 283 420 334 eloquentia
438 283 590 320 laudem
609 296 684 321 non
704 284 827 320 habet.

137 335 196 372 At
214 348 299 373 vero
314 343 419 373 extra
439 336 623 373 Graeciam
643 349 781 386 magna
800 335 946 373 dicendi
965 334 1088 372 studia
1103 334 1187 372 fue-

85 395 199 432 runt;
228 389 463 439 maximique
488 389 575 426 huic
599 389 703 426 laudi
728 389 847 426 habiti
868 389 1025 425 honores
1043 387 1189 425 illustre

85 447 276 479 oratorum
295 453 434 479 nomen
452 442 705 479 reddiderunt.
743 442 861 488 Nam,
883 449 925 478 ut
947 441 1061 478 semel
1080 453 1099 477 e
1119 441 1186 477 Pi-

87 506 182 531 raeeo
200 494 413 544 eloquentia
432 503 557 532 evecta
571 502 638 541 est,
654 507 783 532 omnes
797 494 1007 544 peragravit
1020 493 1184 539 insulas;

86 553 200 596 atque
224 547 277 584 ita
302 548 536 597 peregrinata
562 549 639 585 tota
668 548 765 585 Asia
792 556 859 594 est,
888 555 932 584 ut
959 559 997 583 se
1025 547 1187 587 externis

86 599 268 637 oblineret
280 601 462 648 moribus,
479 613 705 651 omnemque
719 601 823 637 illam
839 599 1095 637 salubritatem
1109 600 1186 636 At-

87 652 170 689 ticae
187 652 373 699 dictionis,
398 661 434 690 et
456 654 563 703 quasi
586 654 796 699 sanitatem,
817 653 999 703 perderet,
1020 665 1062 689 ac
1079 652 1186 703 loqui

86 718 193 755 paene
211 705 424 744 dedisceret.
460 707 563 744 Hinc
575 706 734 744 Asiatici
748 714 908 743 oratores
926 718 1000 742 non
1021 713 1187 742 contem-

87 758 202 795 nendi
226 759 380 809 quidem
411 772 478 797 nec
508 760 692 797 celeritate
716 771 784 796 nec
811 758 931 809 copia,
961 758 1024 795 sed
1050 770 1187 807 parum

87 812 204 861 pressi
222 820 259 849 et
276 812 389 850 nimis
407 812 667 850 redundantes.
703 812 844 850 Rhodii
863 811 979 848 sanior
986 823 1036 858 es,
1058 817 1093 847 et
1111 810 1186 847 At.

86 864 246 902 ticorum
265 865 470 903 similiores.
501 866 575 903 Sed
594 866 640 902 de
660 865 799 903 Graecis
817 865 1019 902 hactenus:
1048 863 1187 901 etenim

87 917 264 968 haecripsa
282 917 436 955 forsitan
454 918 593 956 fuerint
611 931 686 956 non
706 917 921 964 necessaria,

140 970 246 1008 Tum
270 971 429 1018 Brutus,
452 972 531 1008 Ista
556 984 656 1019 vero,
681 971 820 1022 inquit,
841 983 956 1021 quam
983 969 1188 1006 necessaria

85 1023 239 1071 fuerint,
259 1035 335 1061 non
353 1024 461 1062 facile
480 1024 639 1062 dixerim
654 1039 663 1061 :
691 1023 860 1073 jucunda
878 1031 974 1060 certe
992 1022 1087 1059 mihi
1105 1022 1187 1059 fue-

85 1083 189 1123 runt,
219 1089 342 1127 neque
370 1078 492 1115 solum
522 1090 598 1114 non
627 1078 753 1127 longa,
784 1076 848 1114 sed
877 1076 990 1113 etiam
1019 1075 1188 1112 breviora

85 1141 203 1180 quam
228 1130 375 1167 vellem.
417 1130 587 1181 Optime,
614 1130 796 1181 inquamz
831 1129 895 1166 sed
921 1128 1114 1165 veniamus
1139 1127 1188 1165 ad

86 1189 244 1230 nostros»,
264 1183 311 1220 de
329 1183 467 1234 quibus
485 1183 635 1221 difficile
654 1191 708 1221 est
725 1184 811 1233 plus
829 1181 1051 1231 intelligere,
1071 1193 1188 1230 quam

86 1242 274 1286 quantum
294 1249 341 1273 ex
359 1236 600 1274 monimentis
619 1236 798 1286 suspicari
815 1236 911 1273 licet.

141 1289 258 1326 XIV.
288 1288 387 1335 Quis
406 1289 507 1326 enim
525 1297 633 1340 putet
651 1297 716 1326 aut
735 1289 959 1326 celeritatem
978 1286 1119 1336 ingenii
1138 1286 1186 1324 L.

89 1342 212 1379 Bruto
230 1342 300 1389 illi,
321 1342 525 1380 nobilitatis
544 1350 673 1380 vestrae
690 1341 864 1392 principi,
885 1339 1076 1378 defuisse?
1106 1340 1187 1390 qui,

88 1394 135 1432 de
153 1402 272 1432 matre
291 1395 509 1443 suavianda,
527 1408 573 1432 ex
593 1396 742 1432 oraculo
760 1393 966 1444 Apollinis,
983 1401 1061 1429 tam
1081 1400 1190 1430 acute

88 1455 295 1498 arguteque
319 1448 540 1496 conjecerit3
571 1448 637 1499 qui
662 1460 851 1485 summam
877 1445 1115 1496 prudentiam
1141 1445 1190 1482 si-

89 1500 297 1538 mulatione
307 1501 474 1538 stultitiae
486 1501 640 1545 texerit;
657 1501 723 1552 qui
735 1499 1034 1551 potentissimum
1046 1511 1188 1548 regem,

89 1554 284 1592 clarissimi
302 1554 398 1604 regis
416 1554 553 1602 filium,
580 1554 779 1604 expulerit,
806 1554 1081 1602 civitatemque,
1106 1565 1190 1602 per-

89 1613 204 1657 petuo
221 1606 417 1644 dominatu
436 1608 646 1654 liberatam,
667 1607 946 1657 magistratibus
968 1605 1116 1651 annuis,
1137 1605 1192 1642 le-

89 1660 200 1710 gibus
215 1660 441 1711 judiciisque
459 1661 694 1704 devinxerit;
724 1660 790 1711 qui
809 1660 960 1708 collegae
985 1671 1051 1695 suo
1070 1658 1190 1708 impe-

88 1713 189 1750 rium
215 1714 461 1763 abrogaverit,
482 1721 525 1751 ut
550 1727 570 1751 e
596 1714 742 1751 civitate
767 1713 900 1763 regalis
925 1711 1088 1749 nominis
1110 1723 1191 1748 me-

86 1766 248 1809 moriam
268 1766 435 1804 tolleret:
460 1767 563 1817 quod
582 1774 678 1804 certe
696 1766 791 1803 effici
809 1778 885 1803 non
904 1765 1098 1815 potuisset,
1118 1763 1191 1800 nisi

89 1827 183 1857 esset
218 1819 383 1858 oratione
418 1832 649 1870 persuasum.
702 1819 888 1857 Videmus
922 1818 1028 1863 item,
1062 1816 1191 1866 paucis

88 1872 197 1910 annis
224 1879 308 1923 post
335 1885 439 1923 reges
468 1881 629 1920 exactos,
661 1885 748 1910 cum
776 1873 904 1922 plebes
927 1883 1043 1921 prope
1067 1870 1190 1920 ripam

90 1925 254 1969 Anienis
271 1925 320 1966 ad
341 1926 494 1964 tertium
519 1925 739 1963 milliarium
765 1924 1000 1970 consedisset,
1028 1935 1192 1972 eumque

91 1986 274 2026 montem,
301 1979 367 2029 qui
393 1979 503 2017 Sacer
525 1979 735 2029 appellatus
754 1985 821 2024 est,
843 1976 1107 2026 occupavisset,
1128 1974 1189 2012 M.

93 2030 291 2073 Valerium
321 2031 539 2070 dictatorem
571 2031 727 2070 dicendo
758 2029 940 2068 sedavisse
975 2027 1189 2076 discordias,

93 2082 202 2134 eique
229 2086 278 2122 ob
303 2097 386 2122 eam
411 2097 491 2122 rem
511 2085 670 2122 honores
695 2083 945 2134 amplissimos
970 2081 1130 2129 habitos,
1154 2090 1191 2118 et

92 2147 180 2175 eum
199 2137 382 2188 primum,
402 2139 450 2176 ob
465 2150 548 2177 cam
563 2137 683 2189 ipsam
698 2149 863 2185 causam,
881 2134 1100 2174 Maximum
1114 2146 1190 2172 esse
