1407 2308
229 86 306 129 DE
335 89 627 141 ORATORE,
657 91 754 130 Lm.
777 87 834 127 11.
864 86 968 129 CAP.
988 89 1053 134 47.
1107 87 1183 126 241

95 196 309 248 Nunquam
333 197 444 236 illum
471 199 499 220 ‘⁴
514 198 759 250 adspectum'’
786 200 946 246 dicebat,
974 197 1068 249 quin
1092 194 1189 233 mihi

93 249 281 288 Telamon
299 251 416 289 iratus
432 251 555 290 furere
573 253 677 290 luctu
693 253 761 290 filii
776 254 985 299 videretur3
1014 257 1058 289 ut
1071 249 1187 295 idem,

95 303 236 341 inflexa
253 304 302 342 ad
319 304 571 343 miserabilem
591 319 726 344 sonum
744 320 846 355 voce,

467 380 494 399 “
511 378 653 426 Quem,
674 387 781 417 aetate
799 378 943 426 exacta,
963 377 1130 427 indigem

148 429 329 468 Liberum
348 430 531 480 lacerasti,
551 433 705 481 orbasti,
726 433 948 478 exstinxsti3
977 443 1099 481 neque
1117 429 1192 467 fra-

307 483 373 521 tris
392 484 504 532 necis,

150 536 288 588 Neque
315 537 421 627 8ηὲξί
450 539 530 586 ejus
554 539 674 588 parvi,
703 539 770 591 qui
795 539 864 577 tibi
888 538 929 576 in
954 536 1113 576 tutelam
1139 540 1194 573 est

308 597 366 628 tra
395 591 503 628 'tus'’
523 618 533 628 .
554 619 563 628 .
585 619 594 629 .
615 619 626 629 .

98 676 190 714 flens
209 690 251 715 ac
269 677 403 728 lugens
422 678 542 717 dicere
560 679 767 718 videbatur.
797 679 897 727 Quae
916 679 947 718 si
965 679 1028 717 ille
1045 677 1190 725 histrio,

99 731 266 781 quotidie
285 744 372 768 cum
392 739 529 782 ageret,
550 742 675 770 tamen
694 732 830 784 [recte]
852 746 960 783 agere
976 733 1054 770 sine
1069 732 1196 769 dolore

98 795 174 821 non
188 792 356 834 poterat3
378 785 500 835 quid?
531 785 741 823 Pacuvium
755 786 910 836 putatiS,
930 786 969 823 in
985 784 1194 832 scribendo,

98 837 175 874 leni
201 837 327 874 animo
350 845 392 875 ac
411 838 563 875 remisso
581 838 694 876 fuisse
708 841 725 876 Ρ
755 839 856 876 Fieri
874 839 979 876 nullo
997 838 1110 876 modo
1129 850 1198 887 po-

99 890 184 927 tuit.
225 892 331 940 Saepe
357 890 457 928 enim
483 891 624 938 audivi,
652 895 803 942 poetam
829 895 973 930 bonum
1003 891 1196 929 neminem

99 942 156 985 (id
175 943 276 993 quod
295 956 318 980 a
336 943 554 981 Democrito
573 951 609 981 et
629 945 788 983 Platone
806 945 845 982 in
866 945 1010 995 scriptis
1025 944 1197 982 relictum

99 1008 177 1033 esse
195 996 341 1042 dicunt)
361 996 440 1034 sine
461 997 758 1036 inflammatione
783 998 997 1036 animorum
1022 997 1198 1035 exsistere

99 1061 220 1099 posse,
241 1056 277 1086 et
295 1049 374 1087 sine
393 1049 558 1100 quodam
577 1051 707 1089 afflatu
727 1052 835 1102 quasi
852 1051 1000 1089 furoris.

152 1101 332 1140 XLVII.
361 1101 491 1149 Quare
519 1104 634 1141 nolite
662 1105 875 1142 existimare
900 1105 1103 1155 meipsum,
1130 1102 1198 1153 qui

99 1167 175 1193 non
207 1155 366 1193 heroum
395 1163 534 1194 veteres
566 1170 671 1195 casus
700 1158 880 1209 fictosque
908 1159 1033 1196 luctus
1061 1156 1199 1194 vellem

99 1209 241 1246 imitari
259 1216 373 1260 atque
391 1209 615 1248 adumbrare
634 1210 803 1259 dicendo,
820 1223 942 1262 neque
960 1217 1061 1248 actor
1080 1221 1198 1247 essem

101 1262 232 1299 alienae
267 1275 447 1313 personae,
486 1263 549 1300 sed
586 1270 715 1301 auctor
745 1277 854 1311 meae,
889 1277 976 1302 cum
1008 1262 1104 1300 mihi
1136 1261 1199 1299 Μ’

100 1315 283 1366 Aquilius
311 1316 351 1352 in
381 1316 529 1354 civitate
557 1316 772 1354 retinendus
801 1324 908 1364 esset,
944 1329 1030 1367 quae
1060 1316 1100 1352 in
1133 1314 1201 1352 illa

101 1368 215 1406 causa
238 1369 447 1419 peroranda
470 1368 635 1416 fecerim,
661 1370 739 1407 sine
757 1382 896 1420 magno
915 1369 1041 1407 dolore
1060 1368 1200 1406 fecisse.

103 1420 232 1468 Quem
250 1422 351 1459 enim
371 1434 439 1472 ego
457 1423 648 1459 consulem
663 1422 790 1470 fuisse,
810 1423 1071 1473 imperatorem
1092 1433 1203 1459 orna-1

102 1481 187 1511 tum
218 1487 241 1511 a
271 1481 416 1521 senatu,
449 1482 623 1512 ovantem
649 1475 688 1512 in
708 1476 940 1526 Capitolium
970 1474 1204 1513 adscendisse

103 1527 359 1565 meminissem
373 1541 385 1571 ;
406 1527 507 1566 hunc
522 1541 608 1565 cum
624 1528 820 1576 afflictum,
837 1528 1089 1575 debilitatum,
1109 1540 1203 1565 moe-

103 1587 262 1626 rentem,
289 1581 328 1618 in
355 1593 549 1618 summum
575 1581 774 1619 discrimen
793 1581 1000 1620 adductum
1019 1581 1200 1626 viderem,

103 1645 179 1671 non
204 1633 309 1684 prius
334 1647 418 1671 sum
444 1642 599 1672 conatus
624 1635 916 1673 misericordiam
936 1635 1018 1672 aliis
1036 1646 1204 1672 commo-

103 1699 202 1732 vere,
242 1699 359 1737 quam
390 1687 643 1725 misericordia
676 1701 761 1725 sum
792 1688 872 1739 ipse
904 1695 1046 1739 captus.
1095 1686 1203 1724 Sensi

103 1739 294 1791 equidem,
323 1747 406 1777 tum
430 1752 659 1791 magnopere
683 1742 826 1779 moveri
848 1741 1007 1790 judices,
1031 1752 1119 1778 cum
1138 1751 1205 1777 ex-

103 1792 215 1830 citavi
242 1800 420 1831 moestum
445 1807 488 1831 ac
512 1794 745 1832 sordidatum
775 1807 918 1841 senem,
950 1801 986 1832 et
1013 1806 1101 1831 cum
1133 1792 1206 1830 ista

102 1845 189 1893 feci,
211 1859 297 1897 quae
322 1854 380 1894 tu,
409 1845 555 1895 Crasse,
575 1847 721 1895 laudas,
742 1860 817 1886 non
838 1855 931 1895 arte,
952 1847 998 1884 de
1017 1846 1094 1897 qua
1113 1844 1206 1895 quid.

103 1899 238 1949 loquar
262 1899 400 1947 nescio,
428 1900 492 1938 sed
517 1907 625 1938 motu
644 1913 784 1951 magno
802 1900 920 1938 animi
939 1913 981 1937 ac
1000 1899 1141 1945 dolore,
1161 1903 1206 1934 ut

105 1951 352 1990 discinderem
372 1953 554 2002 tunicam,
569 1960 613 1991 ut
627 1953 810 1992 cicatrices
828 1952 1072 1991 ostenderem.
1103 1950 1205 1988 Cum

107 2003 152 2041 C.
173 2004 324 2043 Marius
353 2017 551 2044 moerorem
575 2006 753 2045 orationis
777 2019 873 2044 meae
897 2016 1059 2056 praesens
1085 2015 1127 2041 ac
1151 2015 1209 2040 se-

104 2055 196 2094 dens
214 2058 382 2096 multum
400 2059 576 2110 lacrymis
595 2059 671 2098 suis
689 2060 908 2109 adjuvaret3
937 2068 1102 2107 cumque
1120 2068 1204 2105 ego,

105 2108 217 2146 illum
243 2112 370 2148 crebro
394 2112 602 2162 appellans,
629 2113 812 2163 collegam
831 2112 865 2149 ei
883 2123 996 2150 suum
1014 2120 1206 2148 commen-

109 2160 252 2209 darem,
282 2169 396 2214 atque
413 2165 541 2215 ipsum
566 2165 789 2207 advocatum
807 2164 856 2203 ad
875 2174 1115 2203 communem
1134 2160 1207 2200 im-

164 2214 360 2264 (Rhetor.)
380 2227 483 2256 vor..
506 2229 536 2256 1.
858 2228 889 2256 Y
