<?xml version="1.0" encoding="UTF-8"?>
<!DOCTYPE html PUBLIC "-//W3C//DTD XHTML 1.0 Transitional//EN"
    "http://www.w3.org/TR/xhtml1/DTD/xhtml1-transitional.dtd">
<html xmlns="http://www.w3.org/1999/xhtml" xml:lang="en" lang="en">
 <head>
  <title>
</title>
<meta http-equiv="Content-Type" content="text/html;charset=utf-8" />
  <meta name='ocr-system' content='tesseract 3.04.00' />
  <meta name='ocr-capabilities' content='ocr_page ocr_carea ocr_par ocr_line ocrx_word'/>
</head>
<body>
  <div class='ocr_page' id='page_1' title='image "./operaern01ciceuoft_0343.png"; bbox 0 0 1407 2324; ppageno 0'>
   <div class='ocr_carea' id='block_1_1' title="bbox 201 62 1170 112">
    <p class='ocr_par' dir='ltr' id='par_1_1' title="bbox 201 62 1170 112">
     <span class='ocr_line' id='line_1_1' title="bbox 201 62 1170 112; baseline 0 -9"><span class='ocrx_word' id='word_1_1' title='bbox 201 63 282 103; x_wconf 81' lang='lat' dir='ltr'><strong>DE</strong></span> <span class='ocrx_word' id='word_1_2' title='bbox 301 62 595 112; x_wconf 87' lang='lat' dir='ltr'><strong>ORATORE,</strong></span> <span class='ocrx_word' id='word_1_3' title='bbox 625 63 722 102; x_wconf 81' lang='lat' dir='ltr'><strong>Lm.</strong></span> <span class='ocrx_word' id='word_1_4' title='bbox 740 63 822 102; x_wconf 90' lang='lat'>111.</span> <span class='ocrx_word' id='word_1_5' title='bbox 852 63 955 104; x_wconf 77' lang='lat' dir='ltr'><strong>CAP.</strong></span> <span class='ocrx_word' id='word_1_6' title='bbox 975 64 1041 103; x_wconf 88' lang='grc'><strong>33.</strong></span> <span class='ocrx_word' id='word_1_7' title='bbox 1091 65 1170 103; x_wconf 84' lang='lat'><strong>325</strong></span> 
     </span>
    </p>
   </div>
   <div class='ocr_carea' id='block_1_2' title="bbox 48 171 1201 2141">
    <p class='ocr_par' dir='ltr' id='par_1_2' title="bbox 72 171 1176 595">
     <span class='ocr_line' id='line_1_2' title="bbox 72 171 1174 223; baseline 0.001 -14"><span class='ocrx_word' id='word_1_8' title='bbox 72 171 156 210; x_wconf 83' lang='lat' dir='ltr'><strong>otiis</strong></span> <span class='ocrx_word' id='word_1_9' title='bbox 172 184 280 222; x_wconf 88' lang='lat' dir='ltr'><strong>paene</strong></span> <span class='ocrx_word' id='word_1_10' title='bbox 297 171 488 217; x_wconf 87' lang='lat' dir='ltr'><strong>omnibus,</strong></span> <span class='ocrx_word' id='word_1_11' title='bbox 510 171 570 209; x_wconf 89' lang='lat' dir='ltr'><strong>vel</strong></span> <span class='ocrx_word' id='word_1_12' title='bbox 588 171 687 210; x_wconf 86' lang='lat' dir='ltr'><strong>orbis</strong></span> <span class='ocrx_word' id='word_1_13' title='bbox 702 179 809 210; x_wconf 82' lang='lat' dir='ltr'><strong>terrae</strong></span> <span class='ocrx_word' id='word_1_14' title='bbox 831 171 1103 223; x_wconf 84' lang='lat' dir='ltr'>procuratione,</span> <span class='ocrx_word' id='word_1_15' title='bbox 1130 184 1174 210; x_wconf 83' lang='lat' dir='ltr'><strong>ac</strong></span> 
     </span>
     <span class='ocr_line' id='line_1_3' title="bbox 73 225 1174 275; baseline 0 -13"><span class='ocrx_word' id='word_1_16' title='bbox 73 226 214 268; x_wconf 85' lang='lat' dir='ltr'><strong>summi</strong></span> <span class='ocrx_word' id='word_1_17' title='bbox 238 225 386 275; x_wconf 81' lang='lat' dir='ltr'><strong>imperii</strong></span> <span class='ocrx_word' id='word_1_18' title='bbox 411 225 681 275; x_wconf 80' lang='lat' dir='ltr'>gubernatione</span> <span class='ocrx_word' id='word_1_19' title='bbox 702 226 902 273; x_wconf 88' lang='lat' dir='ltr'><strong>districtus,</strong></span> <span class='ocrx_word' id='word_1_20' title='bbox 924 232 1068 264; x_wconf 83' lang='lat' dir='ltr'>tantam</span> <span class='ocrx_word' id='word_1_21' title='bbox 1093 225 1174 263; x_wconf 91' lang='lat' dir='ltr'><strong>vim</strong></span> 
     </span>
     <span class='ocr_line' id='line_1_4' title="bbox 72 278 1174 330; baseline 0.001 -14"><span class='ocrx_word' id='word_1_22' title='bbox 72 291 199 316; x_wconf 89' lang='lat' dir='ltr'><strong>rerum</strong></span> <span class='ocrx_word' id='word_1_23' title='bbox 217 278 543 329; x_wconf 86' lang='lat' dir='ltr'><strong>cognitionemque</strong></span> <span class='ocrx_word' id='word_1_24' title='bbox 558 279 895 329; x_wconf 85' lang='lat' dir='ltr'><strong>comprehenderis,</strong></span> <span class='ocrx_word' id='word_1_25' title='bbox 913 292 1071 330; x_wconf 89' lang='lat' dir='ltr'><strong>eamque</strong></span> <span class='ocrx_word' id='word_1_26' title='bbox 1090 291 1174 317; x_wconf 87' lang='lat' dir='ltr'><strong>om-</strong></span> 
     </span>
     <span class='ocr_line' id='line_1_5' title="bbox 73 331 1174 382; baseline 0.002 -14"><span class='ocrx_word' id='word_1_27' title='bbox 73 343 161 369; x_wconf 85' lang='lat' dir='ltr'><strong>nem</strong></span> <span class='ocrx_word' id='word_1_28' title='bbox 189 344 277 369; x_wconf 90' lang='lat' dir='ltr'><strong>cum</strong></span> <span class='ocrx_word' id='word_1_29' title='bbox 303 332 398 380; x_wconf 90' lang='lat' dir='ltr'><strong>ejus,</strong></span> <span class='ocrx_word' id='word_1_30' title='bbox 428 331 494 382; x_wconf 88' lang='lat' dir='ltr'><strong>qui</strong></span> <span class='ocrx_word' id='word_1_31' title='bbox 521 332 674 369; x_wconf 89' lang='lat' dir='ltr'><strong>consilio</strong></span> <span class='ocrx_word' id='word_1_32' title='bbox 703 340 739 370; x_wconf 89' lang='lat' dir='ltr'><strong>et</strong></span> <span class='ocrx_word' id='word_1_33' title='bbox 765 333 930 370; x_wconf 89' lang='lat' dir='ltr'><strong>oratione</strong></span> <span class='ocrx_word' id='word_1_34' title='bbox 957 332 996 370; x_wconf 90' lang='lat' dir='ltr'><strong>in</strong></span> <span class='ocrx_word' id='word_1_35' title='bbox 1025 332 1174 370; x_wconf 80' lang='lat' dir='ltr'><strong>civitate</strong></span> 
     </span>
     <span class='ocr_line' id='line_1_6' title="bbox 74 384 1175 435; baseline 0 -13"><span class='ocrx_word' id='word_1_36' title='bbox 74 385 209 431; x_wconf 84' lang='lat' dir='ltr'><strong>valeat,</strong></span> <span class='ocrx_word' id='word_1_37' title='bbox 229 384 381 422; x_wconf 64' lang='lat' dir='ltr'><strong>scienti-21</strong></span> <span class='ocrx_word' id='word_1_38' title='bbox 394 392 507 435; x_wconf 88' lang='lat' dir='ltr'><strong>atque</strong></span> <span class='ocrx_word' id='word_1_39' title='bbox 522 385 782 424; x_wconf 85' lang='lat' dir='ltr'>exercitatione</span> <span class='ocrx_word' id='word_1_40' title='bbox 796 386 970 431; x_wconf 65' lang='lat' dir='ltr'><strong>sociaris;</strong></span> <span class='ocrx_word' id='word_1_41' title='bbox 999 385 1070 431; x_wconf 82' lang='lat' dir='ltr'><strong>illi,</strong></span> <span class='ocrx_word' id='word_1_42' title='bbox 1094 385 1175 422; x_wconf 88' lang='lat' dir='ltr'><strong>nati</strong></span> 
     </span>
     <span class='ocr_line' id='line_1_7' title="bbox 73 437 1175 489; baseline 0.001 -15"><span class='ocrx_word' id='word_1_43' title='bbox 73 438 113 474; x_wconf 92' lang='lat' dir='ltr'><strong>in</strong></span> <span class='ocrx_word' id='word_1_44' title='bbox 131 438 261 484; x_wconf 85' lang='lat' dir='ltr'><strong>literis,</strong></span> <span class='ocrx_word' id='word_1_45' title='bbox 281 437 527 489; x_wconf 84' lang='lat' dir='ltr'><strong>ardentesque</strong></span> <span class='ocrx_word' id='word_1_46' title='bbox 544 438 603 475; x_wconf 89' lang='lat' dir='ltr'><strong>his</strong></span> <span class='ocrx_word' id='word_1_47' title='bbox 622 439 768 485; x_wconf 88' lang='lat' dir='ltr'><strong>studiis,</strong></span> <span class='ocrx_word' id='word_1_48' title='bbox 789 440 864 476; x_wconf 89' lang='lat' dir='ltr'><strong>otio</strong></span> <span class='ocrx_word' id='word_1_49' title='bbox 890 452 975 477; x_wconf 89' lang='lat' dir='ltr'><strong>vero</strong></span> <span class='ocrx_word' id='word_1_50' title='bbox 999 438 1175 476; x_wconf 87' lang='lat' dir='ltr'><strong>diffluen-</strong></span> 
     </span>
     <span class='ocr_line' id='line_1_8' title="bbox 74 491 1176 543; baseline 0.001 -15"><span class='ocrx_word' id='word_1_51' title='bbox 74 498 142 537; x_wconf 89' lang='lat' dir='ltr'><strong>tes,</strong></span> <span class='ocrx_word' id='word_1_52' title='bbox 172 504 248 529; x_wconf 91' lang='lat' dir='ltr'><strong>non</strong></span> <span class='ocrx_word' id='word_1_53' title='bbox 274 491 388 528; x_wconf 88' lang='lat' dir='ltr'><strong>modo</strong></span> <span class='ocrx_word' id='word_1_54' title='bbox 417 491 513 528; x_wconf 86' lang='lat' dir='ltr'><strong>nihil</strong></span> <span class='ocrx_word' id='word_1_55' title='bbox 545 492 798 543; x_wconf 79' lang='lat' dir='ltr'><strong>acquisierint,</strong></span> <span class='ocrx_word' id='word_1_56' title='bbox 829 492 893 530; x_wconf 89' lang='lat' dir='ltr'><strong>sed</strong></span> <span class='ocrx_word' id='word_1_57' title='bbox 925 505 972 530; x_wconf 93' lang='lat' dir='ltr'><strong>ne</strong></span> <span class='ocrx_word' id='word_1_58' title='bbox 1002 492 1176 530; x_wconf 89' lang='lat' dir='ltr'><strong>relictum</strong></span> 
     </span>
     <span class='ocr_line' id='line_1_9' title="bbox 78 544 1042 595; baseline 0.002 -14"><span class='ocrx_word' id='word_1_59' title='bbox 78 544 234 595; x_wconf 89' lang='lat' dir='ltr'><strong>quidem</strong></span> <span class='ocrx_word' id='word_1_60' title='bbox 263 552 299 582; x_wconf 90' lang='lat' dir='ltr'><strong>et</strong></span> <span class='ocrx_word' id='word_1_61' title='bbox 325 544 505 582; x_wconf 90' lang='lat' dir='ltr'><strong>traditum</strong></span> <span class='ocrx_word' id='word_1_62' title='bbox 534 552 570 582; x_wconf 91' lang='lat' dir='ltr'><strong>et</strong></span> <span class='ocrx_word' id='word_1_63' title='bbox 597 559 709 582; x_wconf 83' lang='lat' dir='ltr'><strong>suum</strong></span> <span class='ocrx_word' id='word_1_64' title='bbox 735 546 1042 583; x_wconf 81' lang='lat' dir='ltr'><strong>conservaverint.</strong></span> 
     </span>
    </p>

    <p class='ocr_par' dir='ltr' id='par_1_3' title="bbox 76 597 1183 1235">
     <span class='ocr_line' id='line_1_10' title="bbox 127 597 1176 650; baseline 0.001 -15"><span class='ocrx_word' id='word_1_65' title='bbox 127 597 337 635; x_wconf 88' lang='lat' dir='ltr'>XXXIII.</span> <span class='ocrx_word' id='word_1_66' title='bbox 366 597 472 635; x_wconf 81' lang='lat' dir='ltr'><strong>Tum</strong></span> <span class='ocrx_word' id='word_1_67' title='bbox 489 598 658 645; x_wconf 76' lang='lat' dir='ltr'><strong>Crassus,</strong></span> <span class='ocrx_word' id='word_1_68' title='bbox 676 599 766 636; x_wconf 90' lang='lat' dir='ltr'><strong>Non</strong></span> <span class='ocrx_word' id='word_1_69' title='bbox 778 599 818 636; x_wconf 91' lang='lat' dir='ltr'><strong>in</strong></span> <span class='ocrx_word' id='word_1_70' title='bbox 829 599 913 645; x_wconf 87' lang='lat' dir='ltr'><strong>hac,</strong></span> <span class='ocrx_word' id='word_1_71' title='bbox 929 599 1066 650; x_wconf 91' lang='lat' dir='ltr'><strong>inquit,</strong></span> <span class='ocrx_word' id='word_1_72' title='bbox 1082 597 1176 647; x_wconf 67' lang='lat' dir='ltr'><strong>una,</strong></span> 
     </span>
     <span class='ocr_line' id='line_1_11' title="bbox 76 650 1179 702; baseline 0.001 -14"><span class='ocrx_word' id='word_1_73' title='bbox 76 650 225 698; x_wconf 81' lang='lat' dir='ltr'><strong>Catule,</strong></span> <span class='ocrx_word' id='word_1_74' title='bbox 246 664 299 697; x_wconf 91' lang='lat' dir='ltr'><strong>re,</strong></span> <span class='ocrx_word' id='word_1_75' title='bbox 320 651 384 688; x_wconf 89' lang='lat' dir='ltr'><strong>sed</strong></span> <span class='ocrx_word' id='word_1_76' title='bbox 403 651 441 688; x_wconf 93' lang='lat' dir='ltr'><strong>in</strong></span> <span class='ocrx_word' id='word_1_77' title='bbox 460 651 542 688; x_wconf 90' lang='lat' dir='ltr'><strong>aliis</strong></span> <span class='ocrx_word' id='word_1_78' title='bbox 568 653 681 689; x_wconf 88' lang='lat' dir='ltr'><strong>etiam</strong></span> <span class='ocrx_word' id='word_1_79' title='bbox 707 653 978 702; x_wconf 80' lang='lat' dir='ltr'><strong>compluribus,</strong></span> <span class='ocrx_word' id='word_1_80' title='bbox 999 652 1179 689; x_wconf 84' lang='lat' dir='ltr'><strong>distribu-</strong></span> 
     </span>
     <span class='ocr_line' id='line_1_12' title="bbox 76 704 1178 755; baseline 0.001 -14"><span class='ocrx_word' id='word_1_81' title='bbox 76 704 177 742; x_wconf 88' lang='lat' dir='ltr'><strong>tione</strong></span> <span class='ocrx_word' id='word_1_82' title='bbox 196 704 362 755; x_wconf 90' lang='lat' dir='ltr'><strong>partium</strong></span> <span class='ocrx_word' id='word_1_83' title='bbox 390 717 431 742; x_wconf 93' lang='lat' dir='ltr'><strong>ac</strong></span> <span class='ocrx_word' id='word_1_84' title='bbox 451 705 680 755; x_wconf 85' lang='lat' dir='ltr'><strong>separatione</strong></span> <span class='ocrx_word' id='word_1_85' title='bbox 702 706 980 755; x_wconf 87' lang='lat' dir='ltr'><strong>magnitudines</strong></span> <span class='ocrx_word' id='word_1_86' title='bbox 1007 712 1094 743; x_wconf 89' lang='lat' dir='ltr'><strong>sunt</strong></span> <span class='ocrx_word' id='word_1_87' title='bbox 1119 718 1178 742; x_wconf 88' lang='lat' dir='ltr'><strong>ar-</strong></span> 
     </span>
     <span class='ocr_line' id='line_1_13' title="bbox 76 757 1179 809; baseline 0.002 -15"><span class='ocrx_word' id='word_1_88' title='bbox 76 757 173 795; x_wconf 88' lang='lat' dir='ltr'><strong>tium</strong></span> <span class='ocrx_word' id='word_1_89' title='bbox 193 758 401 794; x_wconf 54' lang='lat' dir='ltr'><strong>diminutae.</strong></span> <span class='ocrx_word' id='word_1_90' title='bbox 430 758 497 794; x_wconf 86' lang='lat' dir='ltr'><strong>An</strong></span> <span class='ocrx_word' id='word_1_91' title='bbox 517 765 559 795; x_wconf 90' lang='lat' dir='ltr'><strong>tu</strong></span> <span class='ocrx_word' id='word_1_92' title='bbox 579 759 783 805; x_wconf 84' lang='lat' dir='ltr'><strong>existimas,</strong></span> <span class='ocrx_word' id='word_1_93' title='bbox 807 772 895 796; x_wconf 91' lang='lat' dir='ltr'><strong>cum</strong></span> <span class='ocrx_word' id='word_1_94' title='bbox 915 765 1008 796; x_wconf 86' lang='lat' dir='ltr'><strong>esset</strong></span> <span class='ocrx_word' id='word_1_95' title='bbox 1027 758 1179 809; x_wconf 88' lang='lat' dir='ltr'><strong>Hippo-</strong></span> 
     </span>
     <span class='ocr_line' id='line_1_14' title="bbox 76 811 1177 863; baseline 0 -15"><span class='ocrx_word' id='word_1_96' title='bbox 76 818 193 856; x_wconf 83' lang='lat' dir='ltr'><strong>crates</strong></span> <span class='ocrx_word' id='word_1_97' title='bbox 211 811 275 848; x_wconf 84' lang='lat' dir='ltr'><strong>ine</strong></span> <span class='ocrx_word' id='word_1_98' title='bbox 294 811 409 858; x_wconf 92' lang='lat' dir='ltr'><strong>Cous,</strong></span> <span class='ocrx_word' id='word_1_99' title='bbox 426 811 539 849; x_wconf 89' lang='lat' dir='ltr'><strong>fuisse</strong></span> <span class='ocrx_word' id='word_1_100' title='bbox 554 818 637 849; x_wconf 92' lang='lat' dir='ltr'><strong>tum</strong></span> <span class='ocrx_word' id='word_1_101' title='bbox 652 812 744 850; x_wconf 89' lang='lat' dir='ltr'><strong>alios</strong></span> <span class='ocrx_word' id='word_1_102' title='bbox 754 812 917 849; x_wconf 81' lang='lat' dir='ltr'><strong>medicos</strong></span> <span class='ocrx_word' id='word_1_103' title='bbox 936 812 1003 863; x_wconf 91' lang='lat' dir='ltr'><strong>qui</strong></span> <span class='ocrx_word' id='word_1_104' title='bbox 1021 813 1177 857; x_wconf 86' lang='lat' dir='ltr'><strong>morbis,</strong></span> 
     </span>
     <span class='ocr_line' id='line_1_15' title="bbox 76 864 1179 916; baseline 0.001 -15"><span class='ocrx_word' id='word_1_105' title='bbox 76 865 169 902; x_wconf 85' lang='lat' dir='ltr'><strong>alios</strong></span> <span class='ocrx_word' id='word_1_106' title='bbox 195 865 261 916; x_wconf 84' lang='lat' dir='ltr'><strong>qui</strong></span> <span class='ocrx_word' id='word_1_107' title='bbox 286 864 516 911; x_wconf 86' lang='lat' dir='ltr'><strong>vulneribus,</strong></span> <span class='ocrx_word' id='word_1_108' title='bbox 541 865 632 903; x_wconf 90' lang='lat' dir='ltr'><strong>alios</strong></span> <span class='ocrx_word' id='word_1_109' title='bbox 658 866 724 915; x_wconf 91' lang='lat' dir='ltr'><strong>qui</strong></span> <span class='ocrx_word' id='word_1_110' title='bbox 747 865 878 912; x_wconf 84' lang='lat' dir='ltr'><strong>oculis,</strong></span> <span class='ocrx_word' id='word_1_111' title='bbox 907 865 1146 903; x_wconf 89' lang='lat' dir='ltr'><strong>mederentur</strong></span> <span class='ocrx_word' id='word_1_112' title='bbox 1160 867 1179 902; x_wconf 78' lang='lat'><strong>‚⁹</strong></span> 
     </span>
     <span class='ocr_line' id='line_1_16' title="bbox 77 917 1180 967; baseline -0.001 -12"><span class='ocrx_word' id='word_1_113' title='bbox 77 930 186 964; x_wconf 86' lang='lat' dir='ltr'><strong>num,</strong></span> <span class='ocrx_word' id='word_1_114' title='bbox 200 917 442 967; x_wconf 86' lang='lat' dir='ltr'><strong>geometriam</strong></span> <span class='ocrx_word' id='word_1_115' title='bbox 459 917 618 955; x_wconf 88' lang='lat' dir='ltr'><strong>Euclide</strong></span> <span class='ocrx_word' id='word_1_116' title='bbox 637 925 703 955; x_wconf 88' lang='lat' dir='ltr'><strong>aut</strong></span> <span class='ocrx_word' id='word_1_117' title='bbox 714 918 958 965; x_wconf 87' lang='lat' dir='ltr'><strong>Archimede,</strong></span> <span class='ocrx_word' id='word_1_118' title='bbox 979 930 1073 956; x_wconf 87' lang='lat' dir='ltr'><strong>num</strong></span> <span class='ocrx_word' id='word_1_119' title='bbox 1092 931 1180 955; x_wconf 93' lang='lat' dir='ltr'><strong>mu-</strong></span> 
     </span>
     <span class='ocr_line' id='line_1_17' title="bbox 77 970 1182 1022; baseline 0 -14"><span class='ocrx_word' id='word_1_120' title='bbox 77 971 192 1009; x_wconf 86' lang='lat' dir='ltr'><strong>sicam</strong></span> <span class='ocrx_word' id='word_1_121' title='bbox 221 970 396 1007; x_wconf 88' lang='lat' dir='ltr'><strong>Damone</strong></span> <span class='ocrx_word' id='word_1_122' title='bbox 423 978 489 1007; x_wconf 90' lang='lat' dir='ltr'><strong>aut</strong></span> <span class='ocrx_word' id='word_1_123' title='bbox 520 971 763 1018; x_wconf 83' lang='lat' dir='ltr'><strong>Aristoxeno,</strong></span> <span class='ocrx_word' id='word_1_124' title='bbox 797 984 891 1008; x_wconf 90' lang='lat' dir='ltr'><strong>num</strong></span> <span class='ocrx_word' id='word_1_125' title='bbox 923 971 1022 1022; x_wconf 92' lang='lat' dir='ltr'><strong>ipsas</strong></span> <span class='ocrx_word' id='word_1_126' title='bbox 1054 971 1182 1009; x_wconf 89' lang='lat' dir='ltr'><strong>literas</strong></span> 
     </span>
     <span class='ocr_line' id='line_1_18' title="bbox 77 1023 1182 1075; baseline 0 -13"><span class='ocrx_word' id='word_1_127' title='bbox 77 1023 333 1074; x_wconf 86' lang='lat' dir='ltr'><strong>Aristophane</strong></span> <span class='ocrx_word' id='word_1_128' title='bbox 347 1030 413 1060; x_wconf 89' lang='lat' dir='ltr'><strong>aut</strong></span> <span class='ocrx_word' id='word_1_129' title='bbox 428 1023 660 1061; x_wconf 80' lang='lat' dir='ltr'><strong>Callimacho</strong></span> <span class='ocrx_word' id='word_1_130' title='bbox 675 1031 869 1071; x_wconf 82' lang='lat' dir='ltr'><strong>tractante,</strong></span> <span class='ocrx_word' id='word_1_131' title='bbox 885 1031 964 1061; x_wconf 90' lang='lat' dir='ltr'><strong>tam</strong></span> <span class='ocrx_word' id='word_1_132' title='bbox 979 1024 1182 1075; x_wconf 88' lang='lat' dir='ltr'><strong>discerptas</strong></span> 
     </span>
     <span class='ocr_line' id='line_1_19' title="bbox 79 1077 1183 1127; baseline -0.001 -12"><span class='ocrx_word' id='word_1_133' title='bbox 79 1077 207 1124; x_wconf 90' lang='lat' dir='ltr'><strong>fuisse,</strong></span> <span class='ocrx_word' id='word_1_134' title='bbox 227 1083 271 1114; x_wconf 90' lang='lat' dir='ltr'><strong>ut</strong></span> <span class='ocrx_word' id='word_1_135' title='bbox 289 1089 400 1114; x_wconf 90' lang='lat' dir='ltr'><strong>nemo</strong></span> <span class='ocrx_word' id='word_1_136' title='bbox 419 1089 537 1126; x_wconf 89' lang='lat' dir='ltr'><strong>genus</strong></span> <span class='ocrx_word' id='word_1_137' title='bbox 556 1077 774 1114; x_wconf 89' lang='lat' dir='ltr'><strong>universum</strong></span> <span class='ocrx_word' id='word_1_138' title='bbox 790 1078 1110 1127; x_wconf 87' lang='lat' dir='ltr'><strong>complecteretur,</strong></span> <span class='ocrx_word' id='word_1_139' title='bbox 1124 1083 1183 1114; x_wconf 85' lang='lat' dir='ltr'><strong>at-</strong></span> 
     </span>
     <span class='ocr_line' id='line_1_20' title="bbox 80 1129 1181 1182; baseline 0 -14"><span class='ocrx_word' id='word_1_140' title='bbox 80 1144 155 1182; x_wconf 89' lang='lat' dir='ltr'><strong>que</strong></span> <span class='ocrx_word' id='word_1_141' title='bbox 179 1138 223 1168; x_wconf 91' lang='lat' dir='ltr'><strong>ut</strong></span> <span class='ocrx_word' id='word_1_142' title='bbox 248 1130 344 1167; x_wconf 87' lang='lat' dir='ltr'><strong>alius</strong></span> <span class='ocrx_word' id='word_1_143' title='bbox 368 1129 483 1168; x_wconf 88' lang='lat' dir='ltr'><strong>aliam</strong></span> <span class='ocrx_word' id='word_1_144' title='bbox 509 1130 580 1168; x_wconf 91' lang='lat' dir='ltr'><strong>sibi</strong></span> <span class='ocrx_word' id='word_1_145' title='bbox 604 1137 764 1182; x_wconf 89' lang='lat' dir='ltr'><strong>partem,</strong></span> <span class='ocrx_word' id='word_1_146' title='bbox 788 1131 829 1168; x_wconf 89' lang='lat' dir='ltr'><strong>in</strong></span> <span class='ocrx_word' id='word_1_147' title='bbox 856 1130 935 1182; x_wconf 67' lang='lat' dir='ltr'><strong>qua</strong></span> <span class='ocrx_word' id='word_1_148' title='bbox 962 1130 1181 1177; x_wconf 88' lang='lat' dir='ltr'><strong>elaboraret,</strong></span> 
     </span>
     <span class='ocr_line' id='line_1_21' title="bbox 83 1185 307 1235; baseline 0 -13"><span class='ocrx_word' id='word_1_149' title='bbox 83 1190 276 1235; x_wconf 90' lang='lat' dir='ltr'><strong>seponeret</strong></span> <span class='ocrx_word' id='word_1_150' title='bbox 289 1185 307 1222; x_wconf 72' lang='grc' dir='ltr'><strong><em>Ρ</em></strong></span> 
     </span>
    </p>

    <p class='ocr_par' dir='ltr' id='par_1_4' title="bbox 48 1235 1201 2141">
     <span class='ocr_line' id='line_1_22' title="bbox 133 1235 1184 1289; baseline -0.001 -13"><span class='ocrx_word' id='word_1_151' title='bbox 133 1237 327 1288; x_wconf 87' lang='lat' dir='ltr'><strong>Equidem</strong></span> <span class='ocrx_word' id='word_1_152' title='bbox 354 1249 451 1288; x_wconf 85' lang='lat' dir='ltr'><strong>saepe</strong></span> <span class='ocrx_word' id='word_1_153' title='bbox 478 1237 549 1276; x_wconf 90' lang='lat' dir='ltr'><strong>hoc</strong></span> <span class='ocrx_word' id='word_1_154' title='bbox 576 1235 704 1275; x_wconf 82' lang='lat' dir='ltr'><strong>audiv&#39;i</strong></span> <span class='ocrx_word' id='word_1_155' title='bbox 728 1236 774 1275; x_wconf 89' lang='lat' dir='ltr'><strong>de</strong></span> <span class='ocrx_word' id='word_1_156' title='bbox 799 1244 906 1289; x_wconf 90' lang='lat' dir='ltr'><strong>patre</strong></span> <span class='ocrx_word' id='word_1_157' title='bbox 930 1244 968 1275; x_wconf 92' lang='lat' dir='ltr'><strong>et</strong></span> <span class='ocrx_word' id='word_1_158' title='bbox 989 1236 1036 1276; x_wconf 91' lang='lat' dir='ltr'><strong>de</strong></span> <span class='ocrx_word' id='word_1_159' title='bbox 1058 1249 1184 1275; x_wconf 89' lang='lat' dir='ltr'><strong>socero</strong></span> 
     </span>
     <span class='ocr_line' id='line_1_23' title="bbox 80 1291 1185 1342; baseline -0.001 -13"><span class='ocrx_word' id='word_1_160' title='bbox 80 1305 180 1339; x_wconf 89' lang='lat' dir='ltr'><strong>meo,</strong></span> <span class='ocrx_word' id='word_1_161' title='bbox 200 1298 344 1328; x_wconf 90' lang='lat' dir='ltr'><strong>nostros</strong></span> <span class='ocrx_word' id='word_1_162' title='bbox 362 1303 513 1342; x_wconf 91' lang='lat' dir='ltr'><strong>quoque</strong></span> <span class='ocrx_word' id='word_1_163' title='bbox 531 1291 717 1338; x_wconf 89' lang='lat' dir='ltr'><strong>homines,</strong></span> <span class='ocrx_word' id='word_1_164' title='bbox 738 1292 805 1342; x_wconf 89' lang='lat' dir='ltr'><strong>qui</strong></span> <span class='ocrx_word' id='word_1_165' title='bbox 832 1292 1012 1329; x_wconf 89' lang='lat' dir='ltr'><strong>excellere</strong></span> <span class='ocrx_word' id='word_1_166' title='bbox 1037 1291 1185 1341; x_wconf 90' lang='lat' dir='ltr'><strong>sapien-</strong></span> 
     </span>
     <span class='ocr_line' id='line_1_24' title="bbox 81 1343 1186 1395; baseline -0.001 -13"><span class='ocrx_word' id='word_1_167' title='bbox 81 1345 144 1383; x_wconf 77' lang='lat' dir='ltr'><strong>tiae</strong></span> <span class='ocrx_word' id='word_1_168' title='bbox 162 1344 282 1395; x_wconf 61' lang='lat' dir='ltr'><strong>gloria</strong></span> <span class='ocrx_word' id='word_1_169' title='bbox 296 1344 450 1391; x_wconf 86' lang='lat' dir='ltr'><strong>vellent,</strong></span> <span class='ocrx_word' id='word_1_170' title='bbox 465 1344 607 1391; x_wconf 85' lang='lat' dir='ltr'><strong>onmia,</strong></span> <span class='ocrx_word' id='word_1_171' title='bbox 624 1358 709 1394; x_wconf 87' lang='lat' dir='ltr'><strong>quae</strong></span> <span class='ocrx_word' id='word_1_172' title='bbox 729 1344 883 1395; x_wconf 89' lang='lat' dir='ltr'><strong>quidem</strong></span> <span class='ocrx_word' id='word_1_173' title='bbox 903 1351 985 1382; x_wconf 88' lang='lat' dir='ltr'><strong>tum</strong></span> <span class='ocrx_word' id='word_1_174' title='bbox 999 1343 1079 1381; x_wconf 86' lang='lat' dir='ltr'><strong>haec</strong></span> <span class='ocrx_word' id='word_1_175' title='bbox 1095 1343 1186 1381; x_wconf 87' lang='lat' dir='ltr'><strong>civi-</strong></span> 
     </span>
     <span class='ocr_line' id='line_1_25' title="bbox 83 1396 1188 1447; baseline -0.003 -11"><span class='ocrx_word' id='word_1_176' title='bbox 83 1405 140 1436; x_wconf 88' lang='lat' dir='ltr'><strong>tas</strong></span> <span class='ocrx_word' id='word_1_177' title='bbox 169 1399 307 1444; x_wconf 70' lang='lat' dir='ltr'><strong>nOsset,</strong></span> <span class='ocrx_word' id='word_1_178' title='bbox 335 1397 460 1434; x_wconf 89' lang='lat' dir='ltr'><strong>solitos</strong></span> <span class='ocrx_word' id='word_1_179' title='bbox 487 1410 564 1434; x_wconf 88' lang='lat' dir='ltr'><strong>esse</strong></span> <span class='ocrx_word' id='word_1_180' title='bbox 591 1397 799 1447; x_wconf 86' lang='lat' dir='ltr'><strong>complecti.</strong></span> <span class='ocrx_word' id='word_1_181' title='bbox 843 1397 1102 1435; x_wconf 89' lang='lat' dir='ltr'><strong>Meminerant</strong></span> <span class='ocrx_word' id='word_1_182' title='bbox 1129 1396 1188 1433; x_wconf 84' lang='lat' dir='ltr'><strong>illi</strong></span> 
     </span>
     <span class='ocr_line' id='line_1_26' title="bbox 84 1450 1188 1497; baseline -0.002 -8"><span class='ocrx_word' id='word_1_183' title='bbox 84 1453 172 1490; x_wconf 86' lang='lat' dir='ltr'><strong>Sex.</strong></span> <span class='ocrx_word' id='word_1_184' title='bbox 194 1450 357 1497; x_wconf 83' lang='lat' dir='ltr'><strong>AElium,</strong></span> <span class='ocrx_word' id='word_1_185' title='bbox 379 1450 441 1487; x_wconf 86' lang='grc' dir='ltr'><strong>Μ’</strong></span> <span class='ocrx_word' id='word_1_186' title='bbox 471 1463 557 1488; x_wconf 89' lang='lat' dir='ltr'><strong>vero</strong></span> <span class='ocrx_word' id='word_1_187' title='bbox 576 1450 785 1488; x_wconf 87' lang='lat' dir='ltr'><strong>Manilium</strong></span> <span class='ocrx_word' id='word_1_188' title='bbox 805 1463 872 1488; x_wconf 89' lang='lat' dir='ltr'><strong>nos</strong></span> <span class='ocrx_word' id='word_1_189' title='bbox 891 1450 1004 1488; x_wconf 90' lang='lat' dir='ltr'><strong>etiam</strong></span> <span class='ocrx_word' id='word_1_190' title='bbox 1023 1450 1188 1488; x_wconf 82' lang='lat' dir='ltr'><strong>vidimus</strong></span> 
     </span>
     <span class='ocr_line' id='line_1_27' title="bbox 82 1503 1188 1554; baseline -0.002 -11"><span class='ocrx_word' id='word_1_191' title='bbox 82 1512 292 1543; x_wconf 85' lang='lat' dir='ltr'><strong>transverso</strong></span> <span class='ocrx_word' id='word_1_192' title='bbox 306 1504 564 1541; x_wconf 90' lang='lat' dir='ltr'><strong>ambulantem</strong></span> <span class='ocrx_word' id='word_1_193' title='bbox 576 1503 679 1541; x_wconf 88' lang='lat' dir='ltr'><strong>foro·</strong></span> <span class='ocrx_word' id='word_1_194' title='bbox 702 1504 804 1554; x_wconf 91' lang='lat' dir='ltr'><strong>quod</strong></span> <span class='ocrx_word' id='word_1_195' title='bbox 819 1510 896 1541; x_wconf 88' lang='lat' dir='ltr'><strong>erat</strong></span> <span class='ocrx_word' id='word_1_196' title='bbox 910 1503 1069 1553; x_wconf 87' lang='lat' dir='ltr'><strong>insigne,</strong></span> <span class='ocrx_word' id='word_1_197' title='bbox 1083 1515 1188 1549; x_wconf 90' lang='lat' dir='ltr'><strong>eum,</strong></span> 
     </span>
     <span class='ocr_line' id='line_1_28' title="bbox 48 1556 1190 1610; baseline -0.001 -15"><span class='ocrx_word' id='word_1_198' title='bbox 48 1574 51 1576; x_wconf 96' lang='lat'>·</span> <span class='ocrx_word' id='word_1_199' title='bbox 86 1559 154 1610; x_wconf 91' lang='lat' dir='ltr'><strong>qui</strong></span> <span class='ocrx_word' id='word_1_200' title='bbox 172 1557 212 1594; x_wconf 91' lang='lat' dir='ltr'><strong>id</strong></span> <span class='ocrx_word' id='word_1_201' title='bbox 229 1557 379 1604; x_wconf 87' lang='lat' dir='ltr'><strong>faceret,</strong></span> <span class='ocrx_word' id='word_1_202' title='bbox 400 1556 520 1594; x_wconf 90' lang='lat' dir='ltr'><strong>facere</strong></span> <span class='ocrx_word' id='word_1_203' title='bbox 535 1557 678 1595; x_wconf 91' lang='lat' dir='ltr'><strong>civibus</strong></span> <span class='ocrx_word' id='word_1_204' title='bbox 693 1557 869 1594; x_wconf 89' lang='lat' dir='ltr'><strong>omnibus</strong></span> <span class='ocrx_word' id='word_1_205' title='bbox 884 1557 1027 1595; x_wconf 85' lang='lat' dir='ltr'><strong>consilii</strong></span> <span class='ocrx_word' id='word_1_206' title='bbox 1048 1556 1108 1594; x_wconf 91' lang='lat' dir='ltr'><strong>sui</strong></span> <span class='ocrx_word' id='word_1_207' title='bbox 1127 1568 1190 1594; x_wconf 83' lang='lat' dir='ltr'><strong>oo-</strong></span> 
     </span>
     <span class='ocr_line' id='line_1_29' title="bbox 84 1609 1191 1670; baseline -0.003 -21"><span class='ocrx_word' id='word_1_208' title='bbox 84 1612 216 1663; x_wconf 87' lang='lat' dir='ltr'><strong>piam:</strong></span> <span class='ocrx_word' id='word_1_209' title='bbox 237 1610 286 1648; x_wconf 89' lang='lat' dir='ltr'><strong>ad</strong></span> <span class='ocrx_word' id='word_1_210' title='bbox 305 1622 398 1670; x_wconf 81' lang='lat' dir='ltr'><strong>quos</strong></span> <span class='ocrx_word' id='word_1_211' title='bbox 419 1610 511 1648; x_wconf 91' lang='lat' dir='ltr'><strong>olim</strong></span> <span class='ocrx_word' id='word_1_212' title='bbox 525 1617 562 1648; x_wconf 88' lang='lat' dir='ltr'><strong>et</strong></span> <span class='ocrx_word' id='word_1_213' title='bbox 579 1609 632 1647; x_wconf 87' lang='lat' dir='ltr'><strong>ita</strong></span> <span class='ocrx_word' id='word_1_214' title='bbox 648 1611 899 1657; x_wconf 91' lang='lat' dir='ltr'><strong>ambulantes,</strong></span> <span class='ocrx_word' id='word_1_215' title='bbox 913 1617 950 1648; x_wconf 90' lang='lat' dir='ltr'><strong>et</strong></span> <span class='ocrx_word' id='word_1_216' title='bbox 967 1610 1007 1648; x_wconf 93' lang='lat' dir='ltr'><strong>in</strong></span> <span class='ocrx_word' id='word_1_217' title='bbox 1022 1610 1115 1648; x_wconf 89' lang='lat' dir='ltr'><strong>solio</strong></span> <span class='ocrx_word' id='word_1_218' title='bbox 1133 1622 1191 1647; x_wconf 91' lang='lat' dir='ltr'><strong>se-</strong></span> 
     </span>
     <span class='ocr_line' id='line_1_30' title="bbox 85 1661 1192 1712; baseline -0.003 -9"><span class='ocrx_word' id='word_1_219' title='bbox 85 1665 213 1703; x_wconf 89' lang='lat' dir='ltr'><strong>dentes</strong></span> <span class='ocrx_word' id='word_1_220' title='bbox 221 1663 339 1712; x_wconf 85' lang='lat' dir='ltr'><strong>domi,</strong></span> <span class='ocrx_word' id='word_1_221' title='bbox 350 1663 400 1700; x_wconf 91' lang='lat' dir='ltr'><strong>sic</strong></span> <span class='ocrx_word' id='word_1_222' title='bbox 412 1663 599 1711; x_wconf 89' lang='lat' dir='ltr'><strong>adibatur,</strong></span> <span class='ocrx_word' id='word_1_223' title='bbox 609 1676 684 1701; x_wconf 91' lang='lat' dir='ltr'><strong>non</strong></span> <span class='ocrx_word' id='word_1_224' title='bbox 698 1664 820 1701; x_wconf 90' lang='lat' dir='ltr'><strong>solum</strong></span> <span class='ocrx_word' id='word_1_225' title='bbox 830 1671 872 1701; x_wconf 90' lang='lat' dir='ltr'><strong>ut</strong></span> <span class='ocrx_word' id='word_1_226' title='bbox 883 1664 952 1701; x_wconf 92' lang='lat' dir='ltr'><strong>de</strong></span> <span class='ocrx_word' id='word_1_227' title='bbox 937 1676 1022 1712; x_wconf 85' lang='lat' dir='ltr'><strong>Jure</strong></span> <span class='ocrx_word' id='word_1_228' title='bbox 1034 1662 1134 1701; x_wconf 84' lang='lat' dir='ltr'><strong>civili</strong></span> <span class='ocrx_word' id='word_1_229' title='bbox 1142 1661 1192 1700; x_wconf 87' lang='lat' dir='ltr'><strong>ad</strong></span> 
     </span>
     <span class='ocr_line' id='line_1_31' title="bbox 88 1716 1193 1765; baseline -0.004 -8"><span class='ocrx_word' id='word_1_230' title='bbox 88 1731 164 1765; x_wconf 89' lang='lat' dir='ltr'><strong>eos,</strong></span> <span class='ocrx_word' id='word_1_231' title='bbox 185 1729 318 1755; x_wconf 86' lang='lat' dir='ltr'><strong>verum</strong></span> <span class='ocrx_word' id='word_1_232' title='bbox 337 1717 450 1754; x_wconf 89' lang='lat' dir='ltr'><strong>etiam</strong></span> <span class='ocrx_word' id='word_1_233' title='bbox 469 1717 516 1755; x_wconf 92' lang='lat' dir='ltr'><strong>de</strong></span> <span class='ocrx_word' id='word_1_234' title='bbox 534 1717 613 1755; x_wconf 87' lang='lat' dir='ltr'><strong>filia</strong></span> <span class='ocrx_word' id='word_1_235' title='bbox 627 1717 857 1764; x_wconf 81' lang='lat' dir='ltr'><strong>collocanda,</strong></span> <span class='ocrx_word' id='word_1_236' title='bbox 873 1717 919 1755; x_wconf 90' lang='lat' dir='ltr'><strong>de</strong></span> <span class='ocrx_word' id='word_1_237' title='bbox 930 1716 1050 1754; x_wconf 88' lang='lat' dir='ltr'><strong>fundo</strong></span> <span class='ocrx_word' id='word_1_238' title='bbox 1064 1728 1193 1754; x_wconf 90' lang='lat' dir='ltr'><strong>emen-</strong></span> 
     </span>
     <span class='ocr_line' id='line_1_32' title="bbox 86 1769 1194 1821; baseline -0.003 -12"><span class='ocrx_word' id='word_1_239' title='bbox 86 1772 149 1818; x_wconf 90' lang='lat' dir='ltr'><strong>do,</strong></span> <span class='ocrx_word' id='word_1_240' title='bbox 170 1770 216 1808; x_wconf 86' lang='lat' dir='ltr'><strong>de</strong></span> <span class='ocrx_word' id='word_1_241' title='bbox 234 1782 323 1821; x_wconf 85' lang='lat' dir='ltr'><strong>agro</strong></span> <span class='ocrx_word' id='word_1_242' title='bbox 342 1770 511 1818; x_wconf 89' lang='lat' dir='ltr'><strong>colendo,</strong></span> <span class='ocrx_word' id='word_1_243' title='bbox 532 1770 578 1808; x_wconf 89' lang='lat' dir='ltr'><strong>de</strong></span> <span class='ocrx_word' id='word_1_244' title='bbox 596 1770 701 1808; x_wconf 91' lang='lat' dir='ltr'><strong>omni</strong></span> <span class='ocrx_word' id='word_1_245' title='bbox 719 1770 881 1821; x_wconf 91' lang='lat' dir='ltr'><strong>denique</strong></span> <span class='ocrx_word' id='word_1_246' title='bbox 899 1777 966 1808; x_wconf 90' lang='lat' dir='ltr'><strong>aut</strong></span> <span class='ocrx_word' id='word_1_247' title='bbox 983 1769 1104 1807; x_wconf 88' lang='lat' dir='ltr'><strong>officio</strong></span> <span class='ocrx_word' id='word_1_248' title='bbox 1126 1774 1194 1806; x_wconf 87' lang='lat' dir='ltr'><strong>aut</strong></span> 
     </span>
     <span class='ocr_line' id='line_1_33' title="bbox 87 1821 1192 1875; baseline -0.005 -12"><span class='ocrx_word' id='word_1_249' title='bbox 87 1824 252 1875; x_wconf 85' lang='lat' dir='ltr'><strong>negotio,</strong></span> <span class='ocrx_word' id='word_1_250' title='bbox 271 1822 481 1861; x_wconf 85' lang='lat' dir='ltr'><strong>referretur.</strong></span> <span class='ocrx_word' id='word_1_251' title='bbox 511 1823 608 1861; x_wconf 88' lang='lat' dir='ltr'><strong>Haec</strong></span> <span class='ocrx_word' id='word_1_252' title='bbox 625 1823 698 1860; x_wconf 84' lang='lat' dir='ltr'><strong>fuit</strong></span> <span class='ocrx_word' id='word_1_253' title='bbox 719 1824 764 1860; x_wconf 90' lang='lat' dir='ltr'><strong>P.</strong></span> <span class='ocrx_word' id='word_1_254' title='bbox 785 1824 910 1862; x_wconf 87' lang='lat' dir='ltr'><strong>Crassi</strong></span> <span class='ocrx_word' id='word_1_255' title='bbox 927 1822 1030 1860; x_wconf 80' lang='lat' dir='ltr'><strong>illius</strong></span> <span class='ocrx_word' id='word_1_256' title='bbox 1044 1821 1192 1868; x_wconf 89' lang='lat' dir='ltr'><strong>veteris,</strong></span> 
     </span>
     <span class='ocr_line' id='line_1_34' title="bbox 87 1874 1194 1937; baseline -0.005 -21"><span class='ocrx_word' id='word_1_257' title='bbox 87 1879 168 1916; x_wconf 87' lang='lat' dir='ltr'><strong>haee</strong></span> <span class='ocrx_word' id='word_1_258' title='bbox 180 1877 243 1914; x_wconf 87' lang='lat' dir='ltr'><strong>Ti.</strong></span> <span class='ocrx_word' id='word_1_259' title='bbox 261 1875 502 1923; x_wconf 86' lang='lat' dir='ltr'><strong>Coruncanii,</strong></span> <span class='ocrx_word' id='word_1_260' title='bbox 516 1877 596 1915; x_wconf 90' lang='lat' dir='ltr'><strong>haec</strong></span> <span class='ocrx_word' id='word_1_261' title='bbox 607 1877 744 1937; x_wconf 83' lang='lat' dir='ltr'><strong>proavi</strong></span> <span class='ocrx_word' id='word_1_262' title='bbox 751 1877 878 1927; x_wconf 88' lang='lat' dir='ltr'><strong>generi</strong></span> <span class='ocrx_word' id='word_1_263' title='bbox 889 1876 978 1924; x_wconf 88' lang='lat' dir='ltr'><strong>mei,</strong></span> <span class='ocrx_word' id='word_1_264' title='bbox 995 1874 1194 1926; x_wconf 87' lang='lat' dir='ltr'><strong>Scipionis,</strong></span> 
     </span>
     <span class='ocr_line' id='line_1_35' title="bbox 89 1927 1197 1987; baseline -0.005 -18"><span class='ocrx_word' id='word_1_265' title='bbox 89 1929 373 1982; x_wconf 84' lang='lat' dir='ltr'><strong>prudentissimi</strong></span> <span class='ocrx_word' id='word_1_266' title='bbox 389 1930 568 1977; x_wconf 92' lang='lat' dir='ltr'><strong>hominis,</strong></span> <span class='ocrx_word' id='word_1_267' title='bbox 589 1930 784 1981; x_wconf 87' lang='lat' dir='ltr'><strong>sapientia,</strong></span> <span class='ocrx_word' id='word_1_268' title='bbox 806 1930 890 1981; x_wconf 88' lang='lat' dir='ltr'><strong>(qui</strong></span> <span class='ocrx_word' id='word_1_269' title='bbox 916 1941 1045 1967; x_wconf 91' lang='lat' dir='ltr'><strong>omnes</strong></span> <span class='ocrx_word' id='word_1_270' title='bbox 1070 1927 1197 1987; x_wconf 91' lang='lat' dir='ltr'><strong>ponti-</strong></span> 
     </span>
     <span class='ocr_line' id='line_1_36' title="bbox 91 1979 1199 2030; baseline -0.003 -9"><span class='ocrx_word' id='word_1_271' title='bbox 91 1984 178 2022; x_wconf 88' lang='lat' dir='ltr'><strong>fices</strong></span> <span class='ocrx_word' id='word_1_272' title='bbox 203 1983 364 2021; x_wconf 85' lang='lat' dir='ltr'><strong>maximi</strong></span> <span class='ocrx_word' id='word_1_273' title='bbox 390 1983 559 2030; x_wconf 84' lang='lat' dir='ltr'><strong>fuerunt)</strong></span> <span class='ocrx_word' id='word_1_274' title='bbox 585 1990 630 2020; x_wconf 89' lang='lat' dir='ltr'><strong>ut</strong></span> <span class='ocrx_word' id='word_1_275' title='bbox 654 1983 703 2021; x_wconf 88' lang='lat' dir='ltr'><strong>ad</strong></span> <span class='ocrx_word' id='word_1_276' title='bbox 721 1996 783 2021; x_wconf 91' lang='lat' dir='ltr'><strong>eos</strong></span> <span class='ocrx_word' id='word_1_277' title='bbox 800 1983 847 2020; x_wconf 91' lang='lat' dir='ltr'><strong>de</strong></span> <span class='ocrx_word' id='word_1_278' title='bbox 865 1982 1042 2021; x_wconf 89' lang='lat' dir='ltr'><strong>omnibus</strong></span> <span class='ocrx_word' id='word_1_279' title='bbox 1060 1979 1199 2019; x_wconf 75' lang='lat' dir='ltr'><strong>divinis</strong></span> 
     </span>
     <span class='ocr_line' id='line_1_37' title="bbox 92 2034 1201 2096; baseline -0.004 -21"><span class='ocrx_word' id='word_1_280' title='bbox 92 2044 207 2088; x_wconf 84' lang='lat' dir='ltr'><strong>atque</strong></span> <span class='ocrx_word' id='word_1_281' title='bbox 233 2036 410 2074; x_wconf 88' lang='lat' dir='ltr'><strong>humanis</strong></span> <span class='ocrx_word' id='word_1_282' title='bbox 429 2038 540 2075; x_wconf 90' lang='lat' dir='ltr'><strong>rebus</strong></span> <span class='ocrx_word' id='word_1_283' title='bbox 558 2036 781 2081; x_wconf 86' lang='lat' dir='ltr'><strong>referretur;</strong></span> <span class='ocrx_word' id='word_1_284' title='bbox 811 2036 1004 2096; x_wconf 81' lang='lat' dir='ltr'><strong>iidemque</strong></span> <span class='ocrx_word' id='word_1_285' title='bbox 1023 2042 1060 2072; x_wconf 90' lang='lat' dir='ltr'><strong>et</strong></span> <span class='ocrx_word' id='word_1_286' title='bbox 1078 2034 1118 2071; x_wconf 92' lang='lat' dir='ltr'><strong>in</strong></span> <span class='ocrx_word' id='word_1_287' title='bbox 1143 2046 1201 2072; x_wconf 91' lang='lat' dir='ltr'><strong>se-</strong></span> 
     </span>
     <span class='ocr_line' id='line_1_38' title="bbox 93 2088 1201 2141; baseline -0.004 -13"><span class='ocrx_word' id='word_1_288' title='bbox 93 2097 187 2128; x_wconf 90' lang='lat' dir='ltr'><strong>natu</strong></span> <span class='ocrx_word' id='word_1_289' title='bbox 213 2096 251 2127; x_wconf 90' lang='lat' dir='ltr'><strong>et</strong></span> <span class='ocrx_word' id='word_1_290' title='bbox 273 2089 376 2140; x_wconf 88' lang='lat' dir='ltr'><strong>apud</strong></span> <span class='ocrx_word' id='word_1_291' title='bbox 402 2090 604 2141; x_wconf 89' lang='lat' dir='ltr'><strong>populum,</strong></span> <span class='ocrx_word' id='word_1_292' title='bbox 634 2096 671 2127; x_wconf 88' lang='lat' dir='ltr'><strong>et</strong></span> <span class='ocrx_word' id='word_1_293' title='bbox 696 2090 736 2127; x_wconf 92' lang='lat' dir='ltr'><strong>in</strong></span> <span class='ocrx_word' id='word_1_294' title='bbox 764 2089 884 2126; x_wconf 90' lang='lat' dir='ltr'><strong>causis</strong></span> <span class='ocrx_word' id='word_1_295' title='bbox 911 2088 1133 2134; x_wconf 90' lang='lat' dir='ltr'><strong>amicorum,</strong></span> <span class='ocrx_word' id='word_1_296' title='bbox 1163 2092 1201 2124; x_wconf 85' lang='lat' dir='ltr'><strong>et</strong></span> 
     </span>
    </p>
   </div>
   <div class='ocr_carea' id='block_1_3' title="bbox 94 2142 1200 2242">
    <p class='ocr_par' dir='ltr' id='par_1_5' title="bbox 94 2142 1200 2242">
     <span class='ocr_line' id='line_1_39' title="bbox 94 2142 1200 2194; baseline -0.002 -13"><span class='ocrx_word' id='word_1_297' title='bbox 94 2142 200 2185; x_wconf 82' lang='lat' dir='ltr'><strong>dorni</strong></span> <span class='ocrx_word' id='word_1_298' title='bbox 219 2149 257 2180; x_wconf 88' lang='lat' dir='ltr'><strong>et</strong></span> <span class='ocrx_word' id='word_1_299' title='bbox 279 2142 440 2190; x_wconf 61' lang='lat' dir='ltr'><strong>militiae,</strong></span> <span class='ocrx_word' id='word_1_300' title='bbox 465 2143 665 2182; x_wconf 85' lang='lat' dir='ltr'><strong>consilium</strong></span> <span class='ocrx_word' id='word_1_301' title='bbox 691 2155 804 2182; x_wconf 89' lang='lat' dir='ltr'><strong>suum</strong></span> <span class='ocrx_word' id='word_1_302' title='bbox 829 2142 1020 2194; x_wconf 86' lang='lat' dir='ltr'><strong>fidemque</strong></span> <span class='ocrx_word' id='word_1_303' title='bbox 1046 2146 1200 2194; x_wconf 75' lang='lat' dir='ltr'><strong>praesta-</strong></span> 
     </span>
     <span class='ocr_line' id='line_1_40' title="bbox 154 2196 884 2242; baseline -0.003 -8"><span class='ocrx_word' id='word_1_304' title='bbox 154 2197 349 2242; x_wconf 69' lang='lat' dir='ltr'><strong>(Rlzetor.)</strong></span> <span class='ocrx_word' id='word_1_305' title='bbox 369 2207 473 2234; x_wconf 82' lang='lat' dir='ltr'>vo1..</span> <span class='ocrx_word' id='word_1_306' title='bbox 496 2207 525 2234; x_wconf 88' lang='lat'><strong>1.</strong></span> <span class='ocrx_word' id='word_1_307' title='bbox 812 2196 837 2232; x_wconf 83' lang='lat'>2</span> <span class='ocrx_word' id='word_1_308' title='bbox 858 2206 884 2233; x_wconf 71' lang='lat' dir='ltr'><em>F</em></span> 
     </span>
    </p>
   </div>
  </div>
 </body>
</html>
