1429 2344
181 65 260 102 4:26
313 64 392 102 DE
416 64 625 104 CLARIS
646 63 1034 114 ORATORIBUS,
1056 65 1159 104 CAP.
1174 66 1237 110 76.

178 172 360 210 brevitate
379 172 538 210 dulcius.
580 172 654 211 Sed
673 172 722 210 ad
741 185 816 221 eos,
838 171 869 210 si
886 172 1024 223 placet,
1045 173 1112 224 qui
1131 173 1210 212 vita
1229 186 1297 213 ex-

177 233 380 271 cesserunt,
402 234 645 264 revertamur.

232 279 429 317 LXXVI.
472 280 515 317 C.
541 279 704 317 Sicinius
733 279 863 330 igitur,
896 279 947 326 Q.
972 279 1148 330 Pompeii
1172 280 1291 327 illius,

177 333 244 382 qui
269 345 398 370 censor
423 332 510 380 fuit,
538 346 584 370 ex
610 333 690 370 filia
715 345 845 383 nepos,
870 333 1092 383 quaestorius
1117 341 1292 372 mortuus

174 393 242 433 est,
263 386 468 446 probabilis
487 394 633 424 orator.
661 388 743 435 jam
769 399 856 424 vero
882 386 996 423 etiam
1022 388 1216 437 probatuS,
1244 400 1291 426 ex

173 438 273 476 hac
263 440 368 490 mopi
387 440 435 477 ad
461 440 690 487 ornandum,
719 440 784 478 sed
809 439 857 476 ad
879 439 1150 478 inveniendum
1175 453 1290 492 expe-

172 491 253 530 diti.
280 493 530 543 Hermagorae
553 493 762 545 disciplina.
801 493 863 530 Ea
891 493 957 530 dat
985 493 1146 532 rationes
1171 501 1290 533 certas

172 552 209 582 et
227 554 414 597 praecepta
429 527 605 592 dicend13
637 561 723 598 quae
749 547 779 584 si
805 547 991 584 minorem
1011 547 1153 585 habent
1171 559 1289 598 appa-

170 607 311 647 ratum,
335 604 439 642 (sunt
455 600 556 637 enim
577 600 705 648 exilia)
725 607 853 638 tamen
879 600 1021 638 habent
1046 600 1231 647 ordinem,
1252 608 1290 638 et

170 653 356 701 quasdam
376 667 497 691 errare
515 654 555 691 in
574 654 732 692 dicendo
756 666 831 691 non
859 654 1044 704 patientes
1070 653 1160 691 vias.
1201 654 1287 692 Has

167 706 233 743 ille
259 714 402 754 tenens,
428 714 464 745 et
489 715 643 758 paratus
668 708 717 746 ad
741 720 870 745 causas
896 707 1062 755 veniens,
1084 708 1286 745 verborum

168 771 245 797 non
269 773 401 821 egens,
422 761 505 812 ipsa
529 761 596 798 illa
622 761 900 812 comparatione
925 761 1201 812 disciplinaque
1225 760 1284 798 di-

167 813 305 850 cendi
291 827 373 863 Jam
392 815 431 851 in
450 823 699 876 patronorum
717 827 922 852 numerum
940 821 1172 865 pervenerat.

220 866 317 905 Erat
336 868 450 905 etiam
469 868 526 906 vir
545 869 699 907 doctus
689 881 729 905 m
741 868 874 919 primis
889 868 933 906 C.
948 867 1130 908 Visellius
1143 867 1283 916 Varro,

166 921 410 959 consobrinus
440 935 561 970 meus,
590 923 657 973 qui
686 922 760 959 fuit
785 934 874 960 cum
901 921 1041 959 Sicinio
1063 927 1172 962 aetate
1194 934 1283 959 con-

162 974 329 1021 junctus.
375 976 413 1013 Is
446 989 517 1013 cui
509 989 548 1023 1,
580 983 665 1027 post
694 976 867 1014 curulem
895 975 1127 1022 aedilitatem,
1158 974 1281 1024 judex

165 1028 382 1077 quaestionis
411 1036 517 1074 esset,
547 1037 602 1067 est
626 1036 824 1067 mortuus·
857 1029 898 1066 in
929 1041 1005 1080 quo
1030 1028 1149 1068 fateor
1173 1028 1280 1078 vulgi

161 1081 350 1128 judicium
383 1096 404 1120 a
438 1083 581 1131 judicio
613 1096 698 1121 meo
730 1083 971 1120 dissensisse:
1012 1093 1104 1121 nam
1134 1082 1279 1132 populo

163 1147 239 1171 non
260 1143 337 1172 erat
357 1136 444 1174 satis
470 1136 694 1182 vendibilis3
723 1149 889 1186 praeceps
914 1135 1105 1187 quaedam,
1125 1142 1163 1172 et
1188 1147 1277 1172 eum

162 1188 300 1226 idcirco
318 1191 489 1236 obscura,
517 1189 607 1240 quia
630 1197 822 1241 peracuta,
850 1196 934 1227 tum
960 1188 1105 1239 rapida,
1126 1195 1163 1226 et
1181 1188 1276 1227 cele-

162 1241 270 1279 ritate
289 1251 424 1281 caecata
442 1244 583 1281 oratio:
615 1243 680 1282 sed
705 1256 828 1294 neque
852 1242 975 1281 verbis
1000 1242 1184 1292 aptiorem
1203 1242 1277 1279 cito

161 1295 281 1332 alium
310 1296 486 1343 dixerim,
515 1309 639 1347 neque
669 1297 862 1334 sententiis
891 1296 1127 1334 crebriorem.
1171 1295 1276 1333 Prae·

161 1356 261 1386 terea
279 1350 465 1399 perfectus
484 1350 524 1387 in
541 1351 673 1397 literis,
690 1350 863 1401 jurisque
881 1349 1000 1387 civilis
1022 1350 1104 1399 jam
1127 1362 1150 1387 a
1167 1355 1275 1400 patre

160 1403 358 1440 Aculeone
377 1404 555 1441 traditam
574 1404 696 1441 tenuit
714 1404 964 1454 disciplinam.

214 1456 372 1507 Reliqui
386 1464 487 1505 sunt,
504 1457 571 1508 qui
585 1458 727 1495 mortui
741 1458 829 1505 sint,
846 1458 894 1495 L.
907 1457 1141 1507 Torquatus,
1157 1469 1273 1507 quem

158 1515 201 1546 tu
227 1522 303 1547 non
326 1518 405 1548 tam
428 1511 500 1548 cito
525 1511 713 1549 rhetorem
736 1511 906 1558 dixisses,
935 1511 1021 1554 (etsi
1045 1522 1122 1548 non
1147 1509 1274 1547 deerat

157 1564 292 1609 oratio)
320 1577 452 1614 quam,
474 1571 518 1601 ut
537 1564 661 1602 Graeci
683 1564 828 1612 dicunt,
853 1571 1050 1602 πολιτικον.
1088 1563 1212 1601 Erant
1229 1563 1271 1600 in

157 1629 201 1654 eo
230 1617 406 1667 plur'nnae
434 1618 565 1663 literae,
597 1631 666 1656 nec
689 1632 742 1656 eae
766 1618 954 1668 vulgares,
985 1617 1050 1655 sed
1076 1616 1269 1655 interiores

157 1670 334 1719 quaedam
354 1678 390 1708 et
409 1672 633 1716 reconditae3
659 1671 787 1710 divina
804 1670 1001 1718 memoria,
1022 1683 1174 1708 summa
1187 1683 1269 1709 ¹ver-

156 1724 294 1763 borum
310 1732 346 1761 et
359 1725 521 1774 gravitas
537 1733 572 1762 et
587 1725 793 1776 elegantia3
814 1732 929 1776 atque
943 1724 1023 1762 haec
1038 1723 1166 1762 omnia
1180 1723 1268 1761 vitae

155 1776 354 1816 decorabat
376 1777 539 1827 dignitas
557 1786 594 1816 et
611 1779 817 1829 integritas.
858 1778 930 1815 Me
954 1777 1110 1827 quidem
1129 1776 1269 1818 ‚admo-⁴

154 1830 249 1867 dum
276 1831 484 1868 delectabat
509 1831 623 1869 etiam
648 1831 803 1879 Triarii,
834 1831 875 1868 in
903 1829 970 1868 ina
999 1837 1121 1877 aetate,
1151 1830 1266 1880 plena

153 1884 309 1921 literatae
327 1884 526 1922 senectutis
545 1885 673 1923 oratio.
703 1885 861 1932 Quanta
879 1884 1054 1922 severitas
1072 1884 1113 1920 in
1127 1883 1261 1921 vultu!

153 1946 342 1987 quantum
363 1938 512 1988 pondus
536 1938 577 1975 in
600 1938 747 1977 verbis!
783 1951 902 1989 quam
923 1936 1020 1974 nihil
1043 1949 1121 1975 non
1143 1936 1265 1974 consi-

152 1991 326 2028 deratum
346 1992 474 2029 exibat
492 2005 538 2030 ex
558 1992 646 2029 ore!

206 2044 313 2082 Tum
332 2045 492 2093 Brutus,
519 2045 708 2096 Torquati
730 2052 766 2083 et
784 2044 924 2082 Triarii
948 2043 1142 2081 mentione
1159 2056 1262 2082 com-

152 2104 292 2145 motus,
318 2102 542 2149 (utrumque
565 2099 667 2136 enim
687 2111 818 2136 eorum
836 2097 1044 2136 admodum
1063 2097 1263 2142 dilexerat)

154 2150 227 2190 Nae
247 2164 329 2202 ego,
349 2152 488 2204 inquit,
511 2156 570 2197 <ut
588 2152 763 2193 omittam
782 2159 927 2203 caetera,
948 2164 1034 2203 quae
1049 2158 1137 2193 sunt
1150 2150 1263 2192 innu!
