1428 2308
252 41 328 81 DE
358 41 743 89 INVENTIONE,
774 42 870 80 L113.
890 41 921 78 I.
951 40 1052 79 Cir.
1071 41 1133 77 48.
1190 40 1241 76 49

140 147 275 187 ideirco
293 148 539 187 concedebam
555 164 564 186 z
596 161 681 186 cum
702 156 828 186 autem
848 148 918 185 hoc
936 148 1123 191 sumebas,
1144 145 1241 182 indi-

141 201 235 251 getis
253 209 379 239 autem
395 202 586 252 pecuniae;
613 202 707 239 illud
726 202 967 253 accipiebam,
984 200 1095 238 vultis
1114 206 1240 236 autem

138 255 307 305 pecuniae
324 255 410 305 plus
427 255 575 293 habere.
612 255 675 292 Ex
696 255 833 305 quibus
851 253 1146 291 concessionibus
1164 263 1238 288 non

138 307 331 345 conficitur
358 308 454 345 hoc·
495 308 684 358 Pauperes
712 309 827 358 igitur
853 307 964 345 estis:
1001 306 1241 344 conficeretm

138 367 280 407 autem,
309 360 340 397 si
366 360 436 398 tibi
461 361 583 412 primo
609 374 760 412 quoque
784 361 853 398 hoc
878 359 1150 403 concessissem,
1175 357 1241 408 qui

138 413 337 463 pecuniam
354 415 536 463 majorem
556 415 666 452 vellet
681 415 832 462 habere,
849 425 937 452 eum
951 411 1150 464 pecuniam
1165 422 1241 448 non

136 466 284 504 habere.

191 519 393 557 XLVIII.
424 520 531 571 Saepe
557 528 682 558 autem
708 521 868 558 oblitum
888 526 1023 570 putant
1041 517 1134 569 quid
1153 529 1239 555 con-

137 572 307 617 cesseris;
331 580 368 610 et
385 572 521 611 idcirco
540 573 579 610 id
594 573 696 624 quod
714 586 789 611 non
809 572 1015 619 conficitur,
1032 571 1138 622 quasi
1153 583 1241 608 con-

135 625 294 673 ficiatur,
322 625 362 662 in
390 626 625 664 conclusione
650 626 823 674 infertur,
850 626 922 663 hoc
947 625 1084 663 modo:
1124 623 1165 662 Si
1193 623 1241 660 ad

135 678 245 715 illum
263 678 458 717 haereditas
477 679 663 726 veniebat,
684 679 883 717 verisimile
903 685 970 725 est,
997 680 1045 715 ab
1071 677 1137 715 illo
1162 689 1240 714 esse

137 738 324 769 necatum.
370 731 520 770 Deinde
548 732 619 770 hoc
650 734 860 783 approbant
887 731 1061 782 plurimis
1089 730 1236 767 verbis:

136 791 220 835 post
237 791 448 832 assumunt,
472 785 521 823 ad
545 785 655 823 illum
682 793 808 823 autem
833 784 1028 822 haereditas
1054 783 1237 821 veniebat.

138 837 286 876 Deinde
311 837 483 885 infertur,
512 837 585 875 Ille
607 838 723 888 igitur
744 837 889 876 occidit.
932 837 994 883 Id,
1015 850 1062 874 ex
1086 836 1131 873 iis
1154 849 1241 886 quae

136 898 360 938 sumserant,
397 902 474 928 non
510 891 715 929 conficitur.
762 891 891 938 Quare
924 892 1119 928 observare
1152 888 1238 926 dili-

135 950 266 994 genter
283 950 440 995 oportet,
461 951 498 982 et
523 944 615 995 quid
634 951 818 993 sumatur,
839 951 875 982 et
897 943 990 994 quid
1009 955 1056 980 ex
1074 942 1132 979 his
1151 954 1238 980 con-

135 996 291 1035 ficiatur.

189 1050 325 1101 Ipsum
349 1058 477 1089 autem
495 1063 614 1102 genus
632 1051 966 1103 argumentationis
985 1050 1161 1088 vitiosum
1179 1048 1238 1087 his

135 1103 183 1141 de
201 1104 319 1142 causis
337 1104 566 1152 ostendetur,
588 1105 618 1143 si
644 1112 710 1143 aut
734 1106 773 1142 in
801 1105 881 1156 ipso
905 1104 1039 1142 vitium
1067 1103 1148 1151 erit,
1173 1111 1239 1139 aut

136 1156 166 1194 si
184 1169 260 1194 non
279 1157 327 1195 ad
346 1157 398 1205 id,
419 1158 521 1208 quod
539 1158 760 1206 instituitur,
780 1157 1134 1196 accommodabitur.
1163 1156 1238 1193 At-

135 1223 210 1260 que
227 1211 362 1262 inipso
380 1211 515 1248 vitium
534 1212 617 1259 erit,
633 1211 664 1249 si
682 1212 836 1249 omnino
853 1219 978 1248 totum
996 1211 1135 1247 falsum
1154 1208 1237 1253 erit,

136 1263 166 1300 si
185 1276 399 1311 commune,
420 1264 450 1301 si
469 1265 636 1315 vulgare,
657 1264 688 1302 si
705 1265 800 1313 leve,
820 1264 851 1302 si
865 1270 1067 1311 remotum,
1088 1263 1119 1300 si
1137 1262 1238 1299 mala

135 1315 316 1365 definitio,
351 1317 381 1355 si
413 1323 704 1364 controversum,
740 1318 771 1355 si
806 1317 1061 1368 perspicuum,
1100 1315 1130 1353 si
1161 1327 1235 1352 non

135 1381 364 1418 concessum,
394 1370 425 1407 si
448 1378 572 1421 turpe,
599 1371 629 1408 si
654 1371 853 1417 offensum,
883 1370 914 1408 si
938 1368 1179 1416 contrarium,
1207 1368 1238 1404 si

135 1423 362 1470 inconstans,
391 1423 422 1460 si
448 1423 658 1462 adversum.
702 1423 859 1461 Falsum
887 1429 954 1470 est,
983 1422 1023 1460 in
1051 1433 1126 1472 quo
1153 1434 1238 1471 per-

135 1475 261 1526 spicue
285 1476 524 1514 mendacium
551 1484 618 1524 est,
645 1476 716 1514 hoc
740 1476 877 1514 modo.
908 1476 1000 1513 Non
1021 1481 1142 1526 potest
1161 1487 1238 1512 esse

135 1529 295 1579 sapiens,
316 1529 383 1580 qui
400 1529 599 1580 pecuniam
619 1529 786 1580 negligit.
827 1529 995 1568 Socrates
1019 1534 1147 1566 autem
1172 1540 1237 1578 pe-

136 1581 287 1619 cuniam
310 1582 546 1633 negligebat:
577 1594 651 1620 non
679 1582 794 1633 igitur
819 1582 964 1632 sapiens
990 1588 1079 1619 erat.
1120 1580 1236 1618 Com-

136 1646 253 1673 mune
271 1643 338 1682 est,
359 1635 461 1686 quod
480 1635 597 1674 nihilo
616 1636 736 1686 magis
763 1637 810 1673 ab
837 1634 1052 1672 adversariis
1079 1646 1195 1685 quam
1215 1646 1238 1670 a

136 1688 244 1726 nobis
263 1687 365 1736 facit,
385 1688 456 1726 hoc
478 1688 614 1726 modo:
647 1688 805 1736 Idcirco,
822 1687 980 1737 judices,
1001 1687 1092 1738 quia
1110 1699 1235 1725 veram

135 1753 288 1779 causam
306 1741 507 1790 habebam,
527 1742 631 1780 brevi
649 1741 827 1793 peroravi.
859 1741 1028 1791 Vulgare
1046 1747 1114 1787 est,
1135 1739 1238 1790 quod

136 1794 176 1831 in
195 1794 309 1832 aliam
327 1807 478 1845 quoque
496 1807 576 1832 rem
598 1807 674 1832 non
699 1794 946 1854 probabilem,
967 1793 999 1832 si
1023 1806 1124 1830 nunc
1149 1804 1238 1830 con-

137 1859 282 1885 cessum
309 1847 369 1894 sit,
399 1847 589 1885 transferri
615 1848 744 1898 possit,
774 1847 844 1886 hoc
870 1847 1006 1885 modo·
1042 1846 1083 1883 Si
1111 1857 1236 1883 veram

137 1912 289 1938 causam
307 1912 383 1938 non
408 1900 574 1948 haberet,
595 1900 699 1939 vobis
724 1913 776 1947 se,
800 1900 958 1949 judices,
986 1911 1061 1937 non
1081 1897 1238 1936 commi-

140 1953 253 1991 sisset.
295 1953 398 1991 Leve
422 1961 491 2001 est,
515 1954 618 2004 quod
642 1961 708 1991 aut
730 1960 814 2013 post
832 1960 981 2003 tempus
999 1951 1147 1997 dicitur,
1168 1950 1239 1986 hoc

138 2005 276 2043 modo:
316 2007 356 2044 Si
389 2006 427 2043 in
460 2013 626 2044 mentem
660 2007 831 2053 venisset,
865 2018 940 2042 non
969 2003 1235 2043 commisisset*

140 2066 205 2095 aut
223 2059 254 2096 si
273 2059 464 2110 perspicue
483 2072 561 2096 rem
587 2068 736 2109 turpem
762 2059 835 2096 levi
861 2067 982 2107 tegere
1009 2058 1088 2094 vult
1112 2055 1244 2092 defen-

140 2112 254 2158 sione,
275 2112 344 2150 hoc
363 2112 496 2149 modo:

191 2165 385 2211 (metor.)
416 2176 517 2202 voL.
543 2177 569 2202 1.
893 2174 918 2200 F
