1407 2308
244 89 322 131 DE
349 89 642 140 onAromz,
671 90 770 130 Lm.
791 90 849 130 11.
879 90 982 131 cst.
1003 92 1041 131 4.
1117 91 1192 131 195

97 195 175 246 sed,
193 197 421 247 mehercule,
440 205 642 247 verentem,
662 211 710 236 ne
733 198 882 238 molesti
906 198 1010 237 vobis
1034 197 1194 236 interve-

98 250 278 301 niremus,
307 258 352 290 ut
380 251 457 290 huc
487 264 614 290 secum
639 252 816 290 venirem.
864 252 1069 290 Scaevolam
1093 250 1196 289 enim

95 303 149 342 ita
174 303 295 343 dicere
320 305 456 353 aiebat,
482 306 621 343 bonam
646 312 792 356 partem
822 305 1000 344 sermonis
1023 305 1064 343 in
1090 303 1195 342 hunc

97 356 198 395 diem
216 370 294 396 esse
311 358 479 396 dilatam.
510 358 596 397 Hoc
614 358 644 396 si
663 366 705 396 tu
723 358 894 409 cupidius
910 358 1054 397 factum
1067 357 1195 396 existi-

95 421 193 459 mas,
220 410 359 450 Caesari
382 411 586 457 attribues,
617 412 648 450 si
672 411 908 459 familiarius,
934 411 1084 462 utrique
1109 423 1197 449 nos-

95 465 207 501 trfim.
247 464 330 503 Nos
354 464 523 515 quidem,
542 465 614 503 nisi
632 464 727 503 forte
744 465 892 503 molesti
908 465 1194 513 intervenimus,

94 517 237 555 venisse
255 517 424 556 delectat.

149 569 225 608 IV.
254 570 361 609 Tum
386 570 556 619 Crassus,
582 570 788 622 Equidem,
814 583 1064 622 quaecumque
1085 583 1199 610 causa

97 635 162 661 vos
191 623 267 662 huc
295 624 492 673 attulisset,
517 624 675 673 laetarer,
701 637 790 663 cum
814 625 917 686 apud
943 637 1006 663 me
1029 623 1196 662 viderem

96 675 267 716 homines
284 677 380 715 mihi
398 677 604 716 carissimos
622 685 658 716 et
675 678 941 716 amicissimos·
971 677 1036 716 sed
1053 684 1196 726 tamen,

98 741 183 768 vere
199 730 337 780 dicam,
357 731 498 791 quaevis
516 731 672 769 mallem
688 731 832 780 fuisset,
851 743 968 782 quam
982 731 1066 777 ista,
1081 742 1200 781 quam

96 781 200 821 dicis.
239 783 325 835 Ego
343 784 443 822 enim
462 787 536 833 (ut,
553 784 874 836 quemadmodum
892 784 1024 832 sentio,
1043 784 1196 834 loquar)

98 846 296 887 nunquam
322 837 418 875 mihi
443 837 585 886 minus,
613 850 730 888 quam
755 837 928 876 hesterno
951 837 1026 886 die,
1054 837 1196 887 placui,

98 889 236 950 (magis
254 889 346 928 adeo
364 890 404 927 id
426 890 603 928 facilitate
628 903 744 941 quam
769 890 844 929 alia
866 890 949 928 ulla
973 890 1086 941 culpa
1108 889 1198 928 mea.

96 942 269 993 contigit)
281 942 362 994 qui,
374 943 468 981 dum
478 945 662 995 obsequor
672 943 981 993 adolescentibus,
993 955 1056 981 me
1069 954 1198 981 senem

97 1007 175 1033 esse
205 1008 291 1034 sum
322 996 489 1043 oblitus;
526 997 673 1057 fecique
698 997 752 1046 id,
780 997 884 1048 quod
909 1009 958 1034 ne
985 996 1198 1034 adolescens

95 1048 251 1099 quidem
268 1048 444 1098 feceram,
463 1056 508 1088 ut
523 1049 569 1089 iis
582 1050 630 1089 de
646 1052 771 1099 rebus,
787 1063 872 1102 quae
886 1049 1055 1088 doctrina
1067 1049 1198 1100 aliqua

96 1101 388 1152 continerentur,
417 1103 659 1155 disputarem,
705 1103 781 1142 Sed
809 1104 880 1142 hoc
905 1110 1034 1141 tamen
1066 1102 1200 1141 cecidit

96 1154 192 1193 1111111
208 1162 497 1207 peropportune,
517 1157 634 1208 quod,
653 1156 847 1195 transactis
864 1157 950 1216 jam
967 1155 1062 1194 meis
1079 1155 1198 1206 parti·

96 1209 182 1258 bus,
201 1209 251 1247 ad
267 1209 483 1248 Antonium
497 1209 728 1248 audiendum
742 1209 905 1248 venistis.
934 1209 1041 1247 Tum
1056 1208 1196 1256 Caesar,

96 1259 304 1312 Equidem,
322 1263 460 1314 inquit,
482 1262 628 1312 Crasse,
647 1262 701 1301 ita
718 1276 803 1301 sum
821 1262 981 1313 cupidus
1003 1269 1041 1300 te
1064 1262 1105 1299 in
1130 1261 1200 1299 ills

94 1314 262 1365 longiore
279 1328 322 1354 ac
338 1316 521 1367 perpetua
538 1315 788 1367 disputatione
806 1315 997 1363 audiendi,
1016 1321 1074 1363 ut,
1100 1314 1132 1352 si
1155 1314 1196 1351 id

95 1368 191 1406 mihi
201 1368 328 1407 minus
340 1369 545 1420 contingat,
558 1370 618 1407 vel
630 1369 701 1407 hoc
719 1369 790 1407 sim
809 1368 1027 1420 quotidiano
1041 1375 1106 1405 tuo
1123 1379 1199 1406 ser-

97 1432 210 1459 mone
228 1429 435 1460 contentus.
477 1423 613 1472 Itaque
631 1422 800 1472 experiar
825 1421 1000 1472 equidem
1024 1420 1134 1469 illud,
1154 1427 1199 1458 ut

97 1485 147 1512 ne
163 1474 367 1525 Sulpicius,
386 1474 581 1513 familiaris
605 1487 726 1524 meus,
746 1482 812 1512 aut
831 1475 954 1523 Cotta,
978 1475 1064 1526 plus
1082 1486 1200 1525 quam

98 1539 182 1578 ego,
202 1528 304 1578 apud
322 1536 360 1566 te
373 1528 496 1567 valere
513 1527 710 1574 videatur,
735 1534 772 1565 et
789 1535 826 1565 te
845 1529 1005 1566 exorabo
1019 1528 1201 1578 profecto,

98 1588 142 1618 ut
159 1580 256 1618 mihi
273 1593 424 1633 quoque
442 1588 479 1619 et
498 1580 635 1619 Catulo
653 1587 730 1619 tuae
754 1581 946 1619 suavitatis
964 1580 1136 1632 aliquid
1126 1592 1201 1617 1111-

98 1633 247 1684 pertias.
288 1634 357 1674 Sin
383 1634 453 1672 tibi
479 1634 519 1671 id
544 1634 672 1672 minus
697 1634 843 1684 libebit,
872 1646 948 1672 non
975 1641 1012 1672 te
1041 1634 1199 1683 urgebo,

98 1698 221 1738 neque
235 1687 489 1734 committam,
496 1693 554 1735 ut,
569 1687 662 1724 dum
677 1700 838 1736 vereare,
854 1694 896 1725 tu
911 1699 958 1725 ne
973 1687 1021 1725 sis
1035 1687 1201 1737 ineptus,

99 1752 164 1778 me
181 1753 259 1778 esse
272 1740 429 1790 judices.
467 1739 575 1778 Tum
592 1740 671 1788 ille,
690 1740 790 1791 Ego,
814 1740 1041 1789 mehercule,
1060 1739 1201 1790 inquit,

100 1792 240 1842 Caesar,
260 1806 308 1832 ex
326 1793 502 1832 omnibus
520 1793 668 1831 Latinis
692 1793 828 1842 verbis,
853 1793 968 1843 hujus
992 1792 1096 1831 verbi
1122 1791 1201 1830 vim

58 1854 61 1857 “
101 1846 162 1884 vel
187 1846 397 1885 maximam
422 1859 569 1898 semper
592 1846 747 1897 putavi.
782 1859 898 1897 quem
923 1846 1027 1884 enim
1050 1857 1118 1883 nos
1141 1846 1204 1882 in·-

100 1906 227 1948 eptum
248 1912 438 1949 vocamus,
456 1899 489 1938 is
513 1899 610 1938 mihi
635 1899 783 1937 videtur
807 1901 855 1937 ab
878 1899 950 1938 hoc
973 1911 1111 1937 nomen
1135 1898 1204 1935 ha-

103 1952 191 1990 bere
207 1952 380 2002 ductum,
400 1952 503 2004 quod
519 1965 598 1991 non
616 1952 664 1990 sit
678 1958 816 2002 aptus:
841 1951 980 2003 idque'
970 1965 1010 1989 111
1025 1950 1206 1990 sermonis

103 2005 220 2044 nostri
252 2005 521 2044 consuetudine
552 2005 693 2057 perlate
723 2012 838 2056 patet.
886 2005 990 2043 Nam
1021 2004 1087 2054 qui
1120 2009 1203 2050 aut,

104 2063 254 2109 tempus
271 2058 365 2110 quid
381 2059 560 2110 postulet,
580 2070 654 2096 non
675 2058 789 2107 videt,
808 2064 876 2095 aut
895 2058 1006 2108 plura
1022 2056 1205 2106 loquitur,

104 2116 171 2148 aut
187 2123 227 2149 se
243 2118 418 2160 ostentat,
433 2118 500 2150 aut
515 2123 660 2159 eorum,
681 2111 907 2162 quibuscum
922 2116 990 2158 est,
1006 2109 1066 2147 vel
1084 2108 1208 2159 digni-

103 2162 190 2202 tatis
207 2163 267 2203 vel
285 2164 473 2205 commodi
498 2164 682 2204 rationem
707 2176 784 2203 non
808 2163 936 2213 habet,
962 2169 1029 2202 aut
1045 2161 1210 2213 denique
