1407 2324
232 89 309 130 DE
329 90 534 130 CLARIS
555 91 942 139 ORATORIBUS,
957 92 1061 131 Cn.
1078 92 1142 137 71.
1164 94 1232 130 423

137 196 261 235 studio
274 197 363 236 huic
381 210 456 236 non
475 198 651 237 satisfecit
667 213 677 237 ι
707 199 828 237 officio
847 212 933 237 vero
952 200 1070 237 necin
1083 212 1238 238 suorum

136 251 427 339 necessariorum
446 252 580 300 causis,
600 265 668 291 nec
692 252 731 290 in
754 253 937 291 sententia
955 253 1153 301 senatoria,
1174 253 1239 291 de-

153 304 221 341 uit.

189 357 320 395 Etiam
336 356 396 395 M.
412 358 623 406 Pontidius,
639 359 833 410 municeps
852 367 988 405 noster,
1008 360 1148 397 multas
1162 358 1239 410 pri-

129 416 240 448 -vatas
265 424 394 449 causas
418 412 596 459 actitavit,
621 413 785 451 celeriter
814 426 901 450 sane
931 415 1043 450 verba
1072 414 1238 458 volvens,

137 474 206 501 nec
223 464 337 502 hebes
355 465 394 501 in
413 465 546 510 causis,
567 466 625 503 vel
644 466 781 511 dicam,
801 467 887 517 plus
902 466 1014 504 etiam
1034 479 1150 517 quam
1162 478 1238 502 non

136 518 263 563 hebes,
298 517 362 555 sed
391 518 628 556 effervescens
660 519 700 556 in
732 519 889 557 dicendo
919 520 1109 557 stomacho
1142 531 1239 569 saepe

136 570 405 621 iracundiaque
431 571 715 616 vehementius3
744 580 788 610 ut
813 585 888 609 non
917 585 1004 610 cum
1030 572 1238 610 adversario

137 623 275 670 solum,
296 624 360 662 sed
378 624 491 662 etiam
518 625 637 675 (quod
661 625 849 671 mirabile)
876 638 962 663 cum
987 626 1113 674 judice
1138 626 1234 675 ipso,

135 680 243 728 cujus
261 677 444 715 delenitor
469 690 545 715 esse
574 678 685 715 debet
709 686 843 725 orator,
870 679 996 729 jurgio
1023 692 1120 729 saepe
1147 690 1235 716 con-

135 731 315 769 tenderet.
363 730 423 768 M.
445 730 624 777 Messala,
645 731 768 768 minor
782 739 874 769 natu
893 745 1008 782 quam
1028 745 1109 778 nos,
1130 732 1237 768 nullo

135 784 249 823 modo
263 784 384 834 inops,
405 783 468 821 sed
483 796 558 821 non
573 784 686 822 nimis
700 792 852 822 ornatus
864 798 998 836 genere
1010 787 1209 823 verborum
1223 798 1235 828 ς

134 837 314 889 prudens,
336 844 480 884 acutus,
499 838 658 875 minime
676 838 861 884 incautus,
877 846 1056 889 patronus
1067 839 1106 875 in
1119 838 1238 876 causis

135 890 399 942 cognoscendis
422 891 762 941 componendisque
783 891 957 942 diligens,
977 891 1107 942 magni
1132 892 1237 929 labo-

135 946 200 991 ris,
237 944 370 981 multae
402 956 537 993 operae,
572 945 858 995 multarumque
888 958 1097 982 causarum.
1146 944 1237 981 Duo

135 999 250 1036 etiam
269 997 432 1042 Metelli,
447 996 555 1035 Celer
574 1004 611 1034 et
630 998 774 1047 Nepos,
794 997 941 1035 nihilin
956 999 1075 1035 causis
1086 998 1235 1043 versati,

133 1063 203 1089 nec
221 1052 300 1089 sine
317 1050 482 1100 ingenio,
502 1062 570 1088 nec
587 1049 741 1098 indocti,
761 1051 832 1088 hoc
851 1058 955 1088 erant
973 1052 1155 1101 populare
1180 1051 1237 1087 di-

134 1104 242 1142 cendi
260 1116 378 1154 genus
397 1103 565 1141 assecuti.
613 1103 657 1141 C.
678 1112 805 1141 autem
825 1104 1012 1141 Lentulus
1041 1104 1236 1142 Marcelli-

133 1169 220 1204 nus,
240 1170 309 1195 nec
331 1169 502 1208 unquam
529 1156 743 1203 indisertus,
764 1164 800 1195 et
818 1157 857 1194 in
878 1158 1073 1195 consulatu
1092 1157 1236 1208 perelo-

133 1223 252 1262 quens
271 1210 371 1248 visus
389 1217 456 1256 est,
477 1222 553 1247 non
571 1210 700 1247 tardus
718 1211 922 1255 sententiis,
938 1223 1013 1248 non
1028 1211 1136 1260 inops
1154 1223 1236 1247 ver-

133 1265 204 1311 bis,
224 1276 313 1302 voce
331 1264 480 1311 canora,
500 1263 641 1301 facetus
660 1263 759 1300 satis.
807 1264 850 1301 C.
873 1263 1097 1309 Memmius,
1119 1264 1166 1300 L.
1188 1263 1234 1300 F.

133 1317 319 1368 perfectus
337 1316 467 1363 literis,
488 1316 553 1354 sed
578 1316 743 1361 Graecis3
774 1316 986 1354 fastidiosus
1014 1329 1101 1353 sane
1129 1317 1236 1353 Lati-

133 1382 298 1415 narum,
287 1383 298 1393 ·
328 1377 484 1419 argutus
513 1376 649 1415 orator,
676 1369 873 1420 verbisque
905 1369 1052 1407 duleis:
1082 1370 1146 1407 sed
1174 1370 1238 1406 fu-

133 1424 253 1473 giens,
281 1435 356 1460 non
370 1400 497 1460 amodo
531 1422 692 1467 dicendi,
721 1435 853 1459 verum
889 1423 1002 1460 etiam
1048 1423 1237 1472 cogitandi

132 1478 315 1521 laborem,
335 1482 486 1512 tantum
505 1475 576 1513 sibi
594 1475 641 1513 de
658 1475 836 1513 facultate
853 1476 1029 1524 detraxit,
1050 1484 1239 1527 quantum

132 1529 328 1568 imminuit
345 1527 550 1566 industriae.

187 1581 345 1620 LXXI.
393 1582 480 1620 Hoc
496 1582 578 1619 loco
596 1582 755 1629 Brutus,
775 1581 908 1630 Quam
925 1583 1075 1629 vellem,
1095 1582 1234 1634 inquit,

133 1634 182 1674 de
199 1636 258 1673 his
286 1635 399 1673 etiam
418 1635 640 1695 oratoribus,
661 1635 729 1686 qui
754 1635 866 1674 hodie
893 1643 994 1684 sunt,
1021 1636 1091 1674 tibi
1115 1637 1237 1675 dicere

135 1689 305 1727 luberet:
336 1695 385 1736 et,
414 1688 445 1726 si
474 1687 521 1725 de
552 1688 634 1726 aliis
665 1689 806 1735 minus,
838 1689 885 1727 de
916 1689 1063 1728 duobus
1091 1695 1234 1737 tamen,

134 1754 228 1793 quos
243 1755 266 1782 a
283 1748 320 1780 te
337 1741 413 1780 scio
429 1741 576 1778 laudari
594 1742 723 1789 solere,
744 1742 891 1780 Caesare
902 1749 938 1780 et
952 1742 1151 1803 Marcello,
1168 1756 1236 1781 au-

133 1795 254 1833 direm
273 1807 348 1833 non
366 1794 494 1832 minus
515 1795 700 1842 lubenter,
728 1808 845 1846 quam
869 1795 997 1833 audivi
1023 1796 1069 1833 de
1097 1795 1142 1833 iis
1168 1795 1236 1846 qui

133 1847 300 1886 fuerunt.
343 1847 422 1886 Cur
441 1847 639 1894 tandem,
628 1850 821 1898 mquam?
849 1861 898 1886 an
917 1856 1120 1899 exspectaS,
1141 1849 1235 1899 quid

133 1913 203 1951 ego
218 1901 384 1950 judicem
403 1901 450 1938 de
467 1901 560 1961 istis,
574 1901 641 1952 qui
653 1901 722 1939 tibi
736 1909 824 1940 sunt
838 1915 944 1952 aeque
958 1902 1036 1939 noti
1051 1915 1093 1939 ac
1106 1901 1234 1939 mihi?

133 1953 252 2001 Mihi,
280 1954 507 2001 mehercule,
532 1954 670 2005 inquit,
692 1955 898 1992 Marcellus
917 1955 1004 1992 satis
1023 1961 1078 1992 est
1095 1961 1233 1999 notus;

134 2006 261 2045 Caesar
279 2014 405 2044 autem
424 2019 586 2057 parum:
617 2007 727 2045 illum
747 2008 848 2045 enim
864 2021 961 2058 saepe
975 2007 1127 2052 audivi3
1157 2007 1233 2053 hic,

135 2071 223 2097 cum
242 2072 311 2109 ego
326 2060 524 2108 judicare
509 2073 590 2108 Jam
609 2061 753 2111 aliquid
771 2073 932 2111 possem,
954 2059 1086 2098 abfuit.

186 2112 294 2159 Quid
318 2113 434 2162 igitur
462 2113 509 2150 de
533 2113 599 2150 illo
620 2114 780 2161 judicas,
810 2127 925 2164 quem
945 2127 1041 2164 saepe
1059 2113 1232 2150 audtstiv
1216 2144 1224 2151 .

133 2164 239 2212 Quid
257 2178 395 2212 censes,
415 2165 553 2216 inquit,
573 2166 645 2203 nisi
663 2166 715 2215 id,
737 2167 839 2217 quod
857 2166 1054 2206 habiturus
1073 2179 1110 2204 es
1130 2165 1233 2204 simi-

189 2219 382 2263 (metor.)
414 2229 515 2256 vol..
543 2230 568 2254 ι.
838 2221 862 2257 2
884 2230 910 2255 o
