1429 2344
329 319 410 374 M.
439 318 715 375 TULLII
755 318 1179 374 CICERONIS

725 477 788 506 DE

451 595 510 656 O
544 597 601 656 R
634 595 696 656 A
726 595 784 656 T
818 594 877 656 O
911 597 968 655 R
1002 596 1054 656 E

524 751 701 791 LIBER
728 751 989 791 TERTms.

685 898 826 926 —4—

258 1009 292 1046 Ι.
323 1008 647 1047 INsTrrUENTI
667 1008 776 1056 mihi,
802 1007 947 1056 Quinte
971 1006 1098 1054 frater,
1122 1019 1210 1046 eum
1233 1019 1309 1044 ser-

203 1075 356 1101 monem
380 1062 528 1109 referre,
553 1070 589 1100 et
610 1062 790 1100 mandare
813 1062 903 1099 huic
919 1061 1028 1099 tertio
1046 1061 1156 1108 libro,
1176 1073 1308 1112 quem,

203 1123 288 1167 post
299 1116 461 1154 Antonii
472 1116 777 1167 disputationem,
792 1115 946 1154 Crassus
959 1115 1162 1161 habuisset,
1178 1115 1310 1152 acerba

203 1182 292 1208 sane
316 1170 520 1208 recordatio
538 1177 700 1207 veterem
725 1169 843 1207 animi
867 1181 996 1207 curam
1021 1168 1310 1219 molestiamque

203 1223 406 1261 renovavit.
446 1224 552 1261 Nam
581 1223 678 1260 illud
701 1223 983 1261 immortalitate
1012 1222 1173 1273 dignum
1201 1221 1309 1271 inge-

202 1276 326 1337 nium,
356 1277 424 1314 issa
450 1276 681 1323 humanitas,
713 1276 780 1314 ina
808 1276 925 1314 virtus
951 1276 998 1313 L.
1021 1275 1158 1323 Crassi,
1187 1282 1310 1313 morte

204 1330 386 1368 exstincta
405 1330 529 1368 subita
543 1336 610 1378 est,
627 1330 692 1368 vix
706 1330 838 1368 diebus
853 1329 981 1367 decem
994 1336 1079 1381 post
1090 1342 1178 1367 eum
1192 1328 1309 1376 diem,

202 1383 271 1434 qui
288 1384 359 1422 hoc
377 1390 414 1421 et
432 1384 620 1434 superiore
637 1384 734 1421 libro
759 1383 981 1421 continetur.
1021 1383 1078 1421 Ut
1103 1382 1204 1421 enim
1230 1382 1312 1420 Ro-

201 1448 307 1474 mam
326 1437 436 1475 rediit
454 1445 621 1475 extremo
646 1437 877 1476 scenicorum
901 1436 1080 1475 ludorum
1105 1435 1179 1485 die,
1199 1435 1311 1473 vehe-

201 1498 349 1528 menter
366 1498 576 1529 commotus
595 1490 640 1528 ea
661 1491 841 1539 oratione,
861 1503 946 1542 quae
971 1491 1159 1528 ferebatur
1181 1489 1312 1527 habita

201 1556 280 1581 esse
297 1544 338 1581 in
356 1544 532 1582 concione
550 1558 573 1582 a
591 1544 794 1595 Philipp03
817 1556 933 1595 quem
951 1543 1089 1582 dixisse
1103 1545 1308 1589 constabat,

202 1598 231 1618 “
247 1597 453 1635 videndum
472 1598 543 1636 sibi
561 1598 666 1636 aliud
685 1611 762 1636 esse
780 1597 1005 1643 consilium3
1034 1597 1101 1635 illo
1120 1602 1251 1635 senatu
1271 1609 1310 1634 se

198 1651 472 1701 rempublicam
491 1664 617 1702 gerere
634 1664 711 1689 non
728 1664 836 1703 posse
849 1651 891 1697 ;’'
918 1663 1045 1698 mane,
1068 1651 1193 1689 idibus
1216 1650 1310 1701 Sep-

198 1704 368 1751 tembris,
389 1711 426 1742 et
447 1705 511 1742 ille
530 1712 566 1742 et
584 1711 734 1743 senatus
752 1705 942 1756 frequens,
964 1711 1097 1742 vocatu
1116 1703 1248 1750 Drusi,
1268 1703 1309 1740 in

198 1758 344 1795 curiam
372 1757 485 1795 venit.
526 1757 589 1795 Ibi
619 1770 707 1796 cum
737 1757 888 1796 Drusus
909 1758 1032 1796 multa
1056 1757 1103 1795 de
1129 1756 1310 1807 Philippo

198 1818 353 1862 questus
379 1818 485 1857 esset,
506 1811 634 1848 retulit
659 1811 707 1848 ad
731 1818 903 1849 senatum
929 1811 976 1849 de
1000 1811 1066 1848 1110
1088 1810 1183 1861 ipso,
1207 1809 1311 1861 quod

198 1864 330 1902 consul
348 1864 388 1901 in
407 1877 495 1902 eum
514 1864 685 1902 ordinem
704 1871 782 1902 tam
796 1864 958 1915 graviter
971 1863 1011 1901 in
1026 1864 1202 1902 concione
1217 1871 1312 1901 esset

197 1917 377 1955 invectus.
412 1918 505 1965 Hic,
525 1924 569 1955 ut
593 1930 691 1968 saepe
712 1917 810 1956 inter
827 1917 999 1956 homines
1018 1917 1311 1968 sapientissimos

197 1978 366 2009 constare
395 1971 486 2018 vidi,
517 1983 753 2022 quamquam
776 1972 849 2010 hoc
875 1971 1023 2018 Crasso,
1051 1983 1139 2009 cum
1165 1969 1311 2022 aliquid

197 2025 406 2062 accuratius
425 2024 592 2071 dixisset,
613 2037 760 2076 semper
783 2025 862 2063 fere
885 2024 1114 2076 contigisset,
1139 2032 1185 2062 ut
1210 2035 1311 2062 nun-

196 2091 314 2129 quam
333 2078 473 2117 dixisse
501 2077 637 2117 melius
654 2084 864 2129 putaretur,
886 2084 1013 2116 tamen
1031 2077 1206 2116 omnium
1224 2089 1314 2117 con-
1333 2122 1337 2125 ¹

196 2144 307 2173 sensu
326 2131 377 2172 sic
395 2145 473 2172 esse
487 2138 571 2172 tum
586 2131 802 2184 judicatum
817 2131 960 2183 audivi,
975 2138 1127 2174 caeteros
1140 2145 1165 2173 a
1178 2130 1315 2173 Crasso
