1428 2308
225 74 302 114 DE
334 73 718 123 INVENTIONE,
750 75 845 113 Lm.
869 75 901 113 Ι.
932 75 1110 114 ΟΑΡ.36.
1167 78 1217 120 37

118 183 392 232 argumentatio
411 189 580 228 tractata,
601 182 682 220 aliis
705 181 900 232 tripertita,
928 182 1010 221 aliis
1034 182 1220 233 quinque-

117 235 266 284 pertita,
290 235 482 273 videatur:
517 248 633 286 quare
661 237 796 281 evenit,
825 243 868 273 ut
893 249 949 273 res
972 248 1047 273 non
1072 244 1149 273 tam
1172 237 1220 273 ad

119 300 230 325 usum
248 288 395 326 dicendi
413 288 609 339 pertineat,
636 301 751 338 quam
779 288 826 325 ad
854 289 1034 326 rationem
1058 302 1222 339 praecep-

117 340 239 378 tionis.
280 341 403 379 Nobis
426 348 551 378 autem
575 341 806 379 commodior
823 341 889 379 illa
907 342 1057 392 partitio
1075 342 1222 380 videtur

118 406 208 440 esse,
239 407 325 444 quae
353 393 394 431 in
422 395 591 445 quinque
619 402 742 444 partes
774 394 973 432 distributa
1002 403 1070 440 est,
1103 408 1218 446 quam

116 458 246 484 omnes
265 449 313 485 ab
331 447 533 485 Aristotele
548 455 584 485 et
597 447 860 497 Theophrasto
878 449 1034 498 profecti
1052 449 1220 486 maxime

118 500 234 536 secuti
253 507 351 537 sunt.
382 501 500 547 Nam,
522 500 842 551 quemadmodum
862 501 957 538 illud
972 501 1142 551 superius
1156 515 1221 551 ge-

118 564 189 590 nus
211 554 514 603 argumentandi,
543 554 645 604 quod
670 567 735 604 per
761 554 1015 591 inductionem
1042 555 1218 601 sumitur,

117 605 285 644 maxime
310 606 478 645 Socrates
505 614 541 643 et
564 607 740 644 Socratici
759 614 1034 651 tractaverunt3
1065 607 1116 645 sic
1134 608 1219 655 hoc,

118 658 221 708 quod
248 672 316 710 per
344 659 663 697 ratiocinationem
689 659 891 709 expolitur,
922 672 1069 697 summe
1094 667 1148 698 est
1173 663 1222 698 ab

118 711 336 759 Aristotele,
356 720 469 763 atque
494 725 517 749 a
540 712 794 762 Peripateticis
813 720 849 749 et
866 712 1129 762 Theophrasto
1148 713 1221 751 fre-

118 771 367 815 quentatum3
389 765 523 803 deinde
536 778 559 802 a
573 765 782 802 rhetoribus
796 765 854 810 iis,
875 765 942 816 qui
957 766 1222 815 elegantissimi

118 825 232 868 atque
249 817 540 856 artificiosissimi
558 818 680 868 putati
699 825 796 854 sunt.
826 817 957 864 Quare
971 825 1097 855 autem
1113 819 1221 856 nobis

118 870 185 908 illa
212 871 334 921 magis
362 871 513 921 partitio
537 873 728 921 probetur,
756 870 956 907 dicendum
985 871 1144 919 videtur,
1174 884 1222 909 ne

118 930 257 961 temere
275 924 390 962 secuti
409 930 611 974 putemur3
641 930 678 960 et
696 923 855 960 breviter
879 923 1094 971 dicendum,
1115 937 1162 962 ne
1181 925 1220 962 in

118 976 336 1025 hujusmodi
368 978 478 1014 rebus
510 977 665 1024 diutius,
703 989 819 1026 quam
855 976 950 1013 ratio
981 977 1221 1028 praecipiendi

118 1030 294 1080 postulet,
312 1041 601 1068 commoremur.

171 1083 372 1121 XXXVI.
402 1083 443 1121 Si
468 1083 634 1134 quadam
658 1083 697 1120 in
720 1084 1042 1133 argumentatione
1061 1084 1148 1123 satis
1167 1092 1222 1123 est

119 1135 176 1172 uti
198 1136 461 1187 propositione,
487 1143 524 1173 et
549 1149 623 1174 non
649 1144 793 1187 oportet
814 1138 1018 1187 adjungere
1036 1141 1221 1188 approba-

119 1189 259 1227 tionem
278 1189 546 1240 propositioni3
576 1190 741 1240 quadam
765 1198 890 1228 autem
918 1191 956 1227 in
981 1199 1221 1241 argumenta-

119 1242 219 1279 tione
243 1242 395 1280 infirma
420 1250 474 1280 est
498 1243 715 1293 propositio,
735 1244 806 1281 nisi
824 1243 1003 1292 adjuncta
1021 1245 1069 1281 sit
1086 1257 1221 1294 appro-

120 1295 220 1333 batio
235 1309 247 1339 ;
274 1303 486 1346 separatum
505 1296 686 1346 quiddam
706 1304 760 1334 est
778 1310 800 1334 a
818 1297 1068 1346 propositione
1087 1310 1222 1347 appro-

120 1348 233 1386 batio.
273 1348 390 1396 Quod
415 1349 516 1386 enim
542 1356 578 1387 et
603 1349 759 1399 adjungi
785 1357 822 1387 et
846 1349 1006 1400 separari
1025 1351 1073 1386 ab
1092 1351 1221 1401 aliquo

121 1408 256 1451 potest,
275 1402 315 1439 id
333 1413 408 1439 non
427 1409 548 1452 potest
566 1402 665 1440 idem
686 1415 776 1449 esse,
799 1403 900 1452 quod
914 1409 968 1439 est
983 1402 1035 1449 id,
1056 1402 1104 1439 ad
1118 1403 1220 1453 quod

121 1454 355 1505 adjungitur,
384 1461 420 1492 et
445 1467 469 1492 a
490 1468 566 1505 quo
585 1462 799 1505 separatur:
829 1462 882 1492 est
901 1461 1027 1492 autem
1046 1456 1221 1506 quaedam

121 1507 411 1557 argumentatio,
437 1507 478 1544 in
503 1508 581 1559 qua
606 1507 808 1558 propositio
832 1520 906 1545 non
926 1508 1070 1558 indiget
1087 1521 1222 1559 appro-

122 1561 299 1606 batione3
338 1568 374 1598 et
401 1560 590 1611 quaedam,
624 1562 663 1598 in
696 1561 773 1611 qua
802 1561 897 1598 nihil
926 1561 1024 1599 valet
1050 1562 1129 1599 sine
1156 1575 1223 1613 ap-

121 1613 353 1664 probatione,
391 1620 435 1650 ut
465 1614 730 1652 ostendemus:
770 1621 939 1664 separata
970 1621 1025 1652 est
1055 1614 1170 1664 igitur
1201 1629 1225 1653 a

121 1666 372 1717 propositione
389 1667 618 1717 approbatio.
655 1666 885 1705 Ostendetur
903 1674 1029 1704 autem
1048 1667 1101 1714 id,
1121 1668 1225 1719 quod

121 1719 279 1770 polliciti
309 1732 455 1768 sumus,
488 1720 559 1758 hoc
585 1720 725 1758 modo:
764 1733 850 1771 quae
880 1720 1083 1770 propositio
1114 1721 1154 1758 in
1187 1734 1226 1758 se

122 1772 305 1823 quiddam
323 1773 487 1811 continet
505 1774 760 1824 perspicuum,
780 1781 818 1811 et
830 1773 933 1824 quod
947 1782 1114 1811 constare
1128 1774 1225 1812 inter

121 1838 253 1863 omnes
279 1838 426 1864 necesse
453 1833 520 1875 est,
548 1827 647 1864 hanc
668 1827 763 1864 velle
787 1828 993 1878 approbare
1016 1833 1052 1864 et
1073 1827 1225 1864 firmare

123 1878 219 1916 nihil
246 1879 389 1917 attinet.
432 1878 493 1917 Ea
519 1887 574 1917 est
597 1879 844 1928 hujusmodi:
879 1879 933 1926 Si,
964 1892 1040 1930 quo
1067 1880 1126 1917 die
1155 1880 1226 1917 ista

122 1931 241 1969 caedes
261 1932 396 1970 Romae
414 1932 513 1970 facta
529 1940 598 1981 est,
618 1946 687 1983 ego
705 1932 868 1970 Athenis
887 1944 929 1970 eo
947 1932 1008 1970 die
1020 1932 1091 1981 fui,
1111 1933 1226 1970 inter-

122 1997 201 2022 esse
225 1984 265 2021 in
291 1985 389 2022 caede
414 1997 490 2023 non
512 1986 630 2036 potui.
671 1985 757 2023 Hoc
775 1985 866 2036 quia
883 1985 1076 2035 perspicue
1095 1997 1226 2023 verum

125 2044 192 2084 est,
225 2036 321 2075 nihil
352 2038 485 2076 attinet
514 2039 723 2089 approbari.
770 2038 901 2085 Quare
930 2037 1069 2075 assumi
1099 2038 1225 2075 statim

124 2096 282 2140 oportet,
301 2090 372 2128 hoc
391 2091 528 2129 modo:
554 2092 628 2129 Fui
646 2098 771 2129 autem
790 2091 953 2128 Athenis
968 2103 1011 2128 eo
1025 2090 1096 2127 die.
1139 2091 1226 2127 Hoc

124 2143 154 2179 si
174 2142 248 2179 non
271 2150 427 2190 constat,
456 2144 598 2195 indiget
623 2144 926 2196 approbationis;
956 2144 1032 2193 qua
1057 2143 1225 2192 inducta,

178 2196 372 2242 (Rhetor.)
403 2208 504 2234 vor„
528 2209 556 2234 1.
878 2207 905 2233 E
