1428 2308
261 76 336 117 DE
366 75 750 125 INVENTIONE,
781 76 877 115 LIB.
902 76 934 115 1.
965 77 1067 116 CAP.
1089 77 1125 115 8.
1212 78 1236 121 7

149 197 267 235 quam
303 185 579 235 philosophiam
615 185 842 223 concesserit.
898 184 1035 235 Neque
1072 196 1115 221 eo
1151 184 1248 229 dico,

153 237 256 287 quod
291 239 372 286 ejus
408 251 480 286 ars,
517 251 634 289 quam
670 238 798 284 edidit,
836 237 932 274 mihi
971 236 1253 274 mendosissime

152 290 289 340 scripta
307 291 500 335 videatur3
521 304 611 328 nam
631 291 717 328 satis
735 291 774 328 in
795 291 839 328 ea
857 290 1003 328 videtur
1022 302 1068 327 ex
1087 290 1252 340 antiquis

153 343 295 380 artibus
313 343 502 394 ingeniose
527 352 563 381 et
587 344 783 394 diligenter
802 344 933 381 electas
958 356 1015 380 res
1040 343 1250 389 collocasse,

154 403 190 433 et
208 397 381 433 nonnihil
399 397 478 447 ipse
497 410 648 448 quoque
666 398 752 434 novi
770 397 966 447 protulisse
981 411 990 433 z
1021 409 1151 433 verum
1171 408 1252 433 ora-

154 449 225 486 tori
257 450 460 487 minimum
494 458 548 488 est
579 450 625 488 de
656 458 734 487 arte
765 450 882 501 loqui,
917 449 1018 500 quod
1046 449 1107 486 hic
1139 448 1250 491 fecit;

155 502 277 539 multo
300 503 514 540 maximum
533 516 580 541 ex
599 510 676 540 arte
695 503 840 548 dicere3
870 503 971 553 quod
990 515 1077 539 eum
1096 502 1254 538 minime

154 555 318 604 potuisse
337 568 466 594 omnes
484 556 681 603 videmus„
696 556 825 603 Quare
843 555 1001 593 materia
1018 555 1172 606 quidem
1187 567 1254 591 no-

156 607 213 645 bis
233 608 422 647 rhetoricae
441 609 587 647 videtur
611 623 666 658 ea,
687 622 803 660 quam
822 608 1018 647 Aristoteli
1042 608 1160 646 visam
1179 619 1256 645 esse

155 660 347 699 diximus·
336 689 348 706 ,

213 714 310 751 VII.
340 723 461 765 partes
491 722 617 753 autem
644 716 719 762 hae,
748 729 841 767 quas
868 715 1037 766 plerique
1064 714 1255 759 dixerunt,

158 766 337 815 inventio,
358 768 562 818 dispositio,
583 770 754 829 elocutio,
774 769 969 815 memoria,
990 767 1256 826 pronuntiatio.

162 820 334 858 Iuventio
360 829 414 858 est
438 822 658 871 excogitatio
684 835 810 859 rerum
835 833 1021 868 verarum,
1049 828 1114 857 aut
1132 819 1258 857 verisi-
1313 865 1318 868 .

161 873 325 930 milium,
346 887 431 924 quae
449 887 599 912 causam
619 875 851 924 probabilem
865 874 955 911 redd
957 886 1004 910 311
1006 880 1044 910 t:
1067 872 1258 923 dispositio

161 933 215 963 est
240 939 365 964 rerum
391 927 628 965 inventarum
653 928 693 964 in
719 927 885 965 ordinem
917 926 1152 964 distributio:
1185 925 1259 962 elo-

161 979 262 1016 cutio
281 986 335 1017 est
348 980 568 1018 idoneorum
587 983 785 1018 verborum
800 988 836 1018 et
850 979 1117 1018 sententiarum
1136 978 1212 1015 3(1
1202 990 1260 1014 111-

162 1033 373 1070 ventionem
393 1034 708 1071 accommodatio:
738 1034 920 1071 memoria
939 1040 993 1070 est
1016 1033 1125 1069 firma
1143 1031 1261 1068 animi

160 1097 287 1122 rerum
306 1099 349 1123 30
368 1088 566 1124 verborum
591 1087 639 1124 ad
663 1087 917 1124 inventionem
935 1085 1144 1136 perceptio:
1175 1096 1261 1134 pro-

161 1139 347 1176 nuntiatio
366 1147 433 1188 est,
463 1153 510 1177 ex
530 1153 656 1178 rerum
675 1147 712 1177 et
729 1142 927 1177 verborum
947 1139 1141 1188 dignitate,
1162 1137 1261 1174 vocis

160 1199 198 1228 et
215 1192 377 1242 corporis
395 1193 611 1230 moderatio.
658 1193 699 1230 N
701 1205 774 1230 unc
792 1193 851 1230 his
869 1195 979 1230 rebus
997 1191 1156 1229 breviter
1174 1202 1262 1227 con-

160 1244 313 1293 stitutis,
342 1258 403 1283 eas
428 1246 600 1294 rationes,
630 1246 767 1297 quibus
785 1246 976 1284 ostendere
994 1244 1179 1295 possimus
1197 1256 1261 1294 ge-

160 1309 233 1334 nus
251 1306 287 1335 et
305 1298 471 1337 officium
490 1306 526 1337 et
543 1299 659 1337 finem
676 1299 792 1348 hujus
810 1300 911 1346 artis,
932 1297 1035 1335 aliud
1052 1298 1092 1334 in
1112 1304 1261 1347 tempus

160 1349 401 1389 differemus:
423 1364 512 1390 nam
532 1359 569 1389 et
586 1353 795 1390 multorum
809 1354 1007 1389 verborum
1022 1349 1204 1400 indigent,
1226 1355 1263 1386 et

160 1414 237 1440 non
252 1411 443 1455 tantopere
461 1405 508 1442 ad
526 1406 614 1443 artis
628 1405 912 1455 descriptionem
932 1411 968 1441 et
984 1410 1169 1454 praecepta
1187 1410 1262 1439 tra-

161 1455 284 1494 denda
300 1458 498 1507 pertinent.
537 1458 642 1495 Eum
657 1465 797 1505 autern,
819 1457 884 1508 qui
903 1463 1021 1494 artem
1040 1456 1262 1493 rhetoricam

160 1509 309 1557 scribat,
329 1510 376 1548 de
389 1510 536 1548 duabus
554 1511 706 1562 reliquis
719 1513 843 1557 rebus,
864 1510 910 1547 de
927 1509 1085 1547 materia
1099 1509 1264 1555 artis,ac

164 1563 347 1612 partibus,
377 1564 533 1601 scribere
564 1571 731 1625 oportere
762 1564 1032 1601 existimamus.
1073 1563 1136 1599 Ac
1167 1561 1263 1598 mihi

164 1615 320 1665 quidem
349 1616 496 1654 videtur
524 1618 720 1666 conjuncte
748 1616 937 1667 agendum
962 1615 1009 1653 de
1037 1613 1192 1652 materia
1220 1626 1263 1651 ac

166 1669 347 1718 partibus.
377 1669 506 1716 Quare
524 1670 702 1731 inventio,
724 1683 810 1720 quae
828 1669 999 1720 princeps
1017 1675 1071 1706 est
1090 1668 1262 1705 omnium

165 1722 346 1771 partium,
361 1723 599 1772 potissimum
617 1724 656 1760 in
675 1723 780 1761 omni
793 1735 990 1760 causarum
1003 1734 1151 1772 genere,
1171 1734 1264 1772 qua-

164 1774 211 1811 lis
229 1774 362 1812 debeat
379 1788 470 1823 esse,
490 1777 751 1814 consideretur.

220 1827 344 1865 VIII.
373 1828 512 1867 Omnis
541 1843 611 1877 res,
643 1843 728 1880 quae
757 1829 903 1867 habet'
893 1842 933 1866 111
959 1841 1010 1876 50,
1036 1827 1197 1887 positam
1223 1827 1263 1864 in

165 1879 329 1919 dictione
359 1889 425 1919 aut
455 1882 733 1933 disceptatione,
762 1883 930 1933 aliquam
962 1880 1262 1926 controversiam,

166 1940 233 1971 aut
250 1933 338 1972 facti
356 1942 423 1972 aut
439 1937 602 1973 nominis
620 1944 686 1973 aut
699 1936 842 1986 generis
857 1942 923 1972 aut
935 1934 1088 1972 actionis
1102 1933 1266 1971 continet

167 1987 425 2037 quaestionem.
467 1988 567 2025 Eam
585 1989 700 2039 igitur
714 1989 973 2040 quaestionem,
994 2000 1040 2024 ex
1059 1999 1136 2037 qua
1154 1997 1265 2022 causa

167 2039 342 2088 nascitur,
363 2041 665 2080 constitutionem
683 2042 928 2092 appellamus.
971 2037 1197 2078 Constitutio
1211 2044 1266 2074 est

166 2092 290 2142 prima
315 2094 497 2132 conflictio
521 2108 718 2132 causarum
743 2108 790 2132 ex
815 2094 1032 2145 depulsione
1050 2090 1265 2129 intentionis

165 2145 343 2196 profecta,
355 2147 425 2186 hoc
439 2148 630 2187 modo-1«
633 2147 757 2187 ecisti:
780 2148 819 2186 N
822 2159 871 2187 on
885 2146 969 2195 feci,
991 2152 1056 2184 aut
1069 2145 1096 2183 J
1100 2156 1166 2182 ure
1180 2142 1261 2181 feci.
