1429 2344
206 73 256 117 72
304 71 379 111 DE
410 71 924 119 INVENTIONE,L113.
943 70 999 110 11.
1031 70 1133 110 CAP.
1154 71 1215 110 13.

205 181 389 218 tutionem
419 180 614 218 convenire
644 180 817 217 videntur
847 191 984 229 genera
1008 191 1138 217 eorum
1162 176 1305 222 omnia,

206 240 329 284 partes
360 246 540 283 generum
573 234 771 283 pleraeque.
820 233 961 270 Videre
992 232 1107 283 igitur
1138 231 1306 283 primum

204 287 402 338 oportebit,
435 300 522 337 quae
554 286 628 324 sint
659 286 887 324 continentia
918 298 1005 324 cum
1032 286 1114 337 ipso
1142 284 1306 335 negotio,

205 340 276 379 hoc
303 348 371 387 est,
401 353 487 391 quae
514 341 562 377 ab
590 352 630 377 re
656 339 817 390 separari
841 351 917 377 non
941 346 1110 390 possunt.
1153 338 1244 385 Quo
1267 337 1307 374 in

203 394 284 433 loco
313 394 401 432 satis
428 393 497 431 erit
523 393 722 443 diligenter
747 392 990 441 considerare,
1018 392 1112 443 quid
1135 391 1197 438 sit,
1221 397 1309 429 ante

203 460 283 486 rem
303 447 456 494 factam,
477 459 524 484 ex
543 459 619 497 quo
634 459 716 496 spes
735 446 951 497 perficiendi
969 452 1071 493 nata,
1092 452 1129 483 et
1146 443 1308 484 faciendi

202 500 360 538 facultas
380 500 550 551 quaesita,
571 499 766 544 videatur;
794 499 887 548 quid
905 500 944 537 in
964 499 1047 550 ipsa
1065 512 1105 536 re
1118 498 1306 549 gerendaz

201 554 293 605 quid
313 561 441 605 postea
459 561 699 591 consecutum
715 552 772 590 sit.
804 553 977 590 Deinde
967 552 1084 603 lpsius
1099 560 1154 590 est
1167 551 1309 602 negotii

199 608 317 658 gestio
339 607 620 658 pertractanda:
652 619 741 643 nam
767 607 838 644 hoc
862 619 981 656 genus
1007 619 1138 643 earum
1162 617 1304 652 rerum,

198 674 285 711 quae
310 661 460 720 negotio
487 660 676 697 attributae
703 666 805 707 sunt,
834 659 997 697 secundo
1024 659 1064 696 in
1090 659 1172 696 loco
1198 657 1308 696 nobis

198 722 254 752 est
272 714 497 765 expositum.
528 714 614 751 Hoc
633 726 721 763 ergo
738 713 778 750 in
797 725 932 764 genere
946 712 1173 764 spectabitur
1186 712 1304 758 locus,

198 776 362 818 tempus,
395 767 550 827 occasio,
584 766 770 804 facultas·
759 795 770 811 ,
812 779 976 817 quorum
1008 766 1308 816 uniuscujusque

196 821 253 859 vis
285 821 482 871 diligenter
510 820 550 858 in
580 819 871 858 confirmationis
898 819 1092 870 praeceptis
1120 819 1308 870 explicata

196 882 263 913 est.
314 875 458 921 Quare,
493 886 541 911 ne
572 880 638 911 aut
669 873 732 911 h1c
764 886 840 911 non
873 873 1126 919 admonuisse,
1160 878 1227 910 aut
1257 884 1307 910 ne

196 928 328 966 eadem
351 928 489 965 iterum
508 927 645 964 dixisse
663 927 872 973 videamur,
892 927 1054 964 breviter
1072 926 1305 964 demonstra-

196 982 338 1028 bimus,
368 980 461 1032 quid
491 993 644 1031 quaque
671 979 711 1016 in
739 987 845 1031 parte
872 979 1095 1018 considerari
1122 986 1303 1030 oporteat.

196 1035 246 1073 In
264 1036 346 1073 loco
363 1035 481 1084 igitur
498 1034 770 1084 opportunitas
790 1033 830 1070 in
849 1040 1018 1083 tempore
1030 1032 1302 1083 longinquitas,

195 1089 237 1126 in
255 1088 444 1127 occasione
463 1087 708 1125 commoditas
727 1087 776 1124 ad
793 1086 1009 1124 faciendum
1024 1086 1198 1134 idonea,
1187 1099 1227 1123 111
1246 1085 1304 1124 fa-

195 1143 335 1180 cultate
353 1141 460 1192 copia
478 1147 515 1178 et
532 1147 695 1191 potestas
714 1153 845 1178 earum
868 1153 1010 1188 rerum,
1030 1147 1182 1200 propter
1208 1153 1303 1190 quas

196 1195 341 1246 aliquid
365 1194 511 1232 facilius
537 1195 593 1240 fit,
622 1201 688 1231 aut
715 1193 795 1231 sine
822 1193 961 1244 quibus
988 1193 1143 1231 omnino
1171 1193 1304 1231 confici

196 1262 272 1287 non
290 1255 426 1299 potest,
446 1247 713 1285 consideranda
731 1254 797 1284 est.
838 1246 988 1284 Deinde
1006 1246 1214 1285 videndum
1233 1254 1303 1294 est,

196 1302 290 1353 quid
318 1301 541 1350 adjunctum
566 1301 613 1338 sit
639 1300 813 1350 negoti03
847 1300 919 1338 hoc
943 1307 1012 1348 est,
1041 1299 1134 1351 quid
1160 1301 1301 1348 majus,

196 1356 290 1407 quid
316 1355 458 1401 minus,
484 1354 577 1404 quid
602 1367 708 1404 aeque
733 1366 918 1403 magnum
943 1354 1003 1400 sit,
1033 1353 1128 1404 quid
1152 1353 1299 1391 simile·
1287 1382 1300 1399 ,

196 1423 243 1448 ex
269 1409 408 1460 quibus
433 1408 646 1456 conjectura
671 1407 846 1467 quaedam
872 1406 1035 1454 ducitur,
1063 1407 1094 1444 si
1118 1407 1302 1458 quemad-

192 1463 352 1501 modum
371 1475 428 1499 res
441 1462 614 1510 majores,
635 1460 812 1507 minores,
833 1473 940 1510 aeque
958 1473 1122 1510 magnae,
1144 1460 1303 1499 similes-

194 1530 269 1567 que
294 1515 356 1566 agi
381 1515 536 1561 soleant,
565 1514 762 1564 diligenter
790 1513 1095 1552 considerabitur.
1142 1513 1234 1562 Quo
1259 1515 1300 1552 in

192 1582 328 1620 genere
347 1582 390 1606 ev
393 1575 501 1606 entus
521 1580 672 1618 quoque
691 1567 874 1605 videndus
899 1567 992 1611 erit3
1022 1567 1094 1605 hoc
1118 1574 1186 1615 est,
1207 1568 1300 1618 quid

191 1636 239 1661 ex
257 1623 489 1672 unaquaque
507 1633 547 1658 re
566 1622 681 1658 soleat
704 1621 863 1667 evenire,
882 1633 1112 1671 magnopere
1133 1621 1300 1660 conside-

190 1676 354 1715 randum
382 1682 464 1718 est3
503 1680 546 1711 ut
578 1681 716 1721 metus,
744 1674 888 1721 laetitia,
918 1673 1104 1712 titubatio.
1152 1673 1302 1722 Quarta

190 1737 318 1768 autem
336 1741 423 1779 pars
441 1733 520 1764 erat
539 1740 585 1764 ex
604 1727 663 1774 iis,
684 1740 778 1777 quas
796 1727 955 1777 negotiis
979 1727 1195 1766 dicebamus
1221 1741 1301 1766 esse

189 1782 402 1827 attributas,
423 1780 642 1818 consecutio.
673 1780 721 1817 In
741 1780 786 1817 ea
805 1786 1026 1831 quaeruntur
1045 1793 1101 1828 ea,
1117 1794 1204 1831 quae
1217 1795 1300 1832 ges-

189 1844 274 1875 tum
293 1834 487 1884 negotium
502 1833 698 1871 confestim
712 1840 778 1871 aut
792 1846 839 1871 ex
852 1833 1049 1871 intervallo
1064 1846 1299 1885 consequun-

190 1896 264 1927 tur.
300 1888 349 1925 In
369 1887 446 1938 qua
465 1886 676 1924 videbimus
695 1899 822 1937 ecquae
839 1886 1071 1924 consuetudo
1089 1887 1150 1936 sit,
1170 1900 1300 1939 ecquae

192 1942 302 1988 actio,
332 1939 476 1991 ecquod
504 1940 584 1988 ejus
611 1940 665 1977 rei
692 1939 893 1978 artificium
921 1939 983 1988 sit,
1009 1947 1076 1978 aut
1100 1953 1204 1989 usus,
1230 1949 1297 1979 aut

192 1994 406 2034 exercitatio
430 1993 644 2039 hominum,
672 2000 739 2030 aut
763 1992 998 2043 approbatio,
1025 2000 1092 2031 aut
1113 1994 1289 2040 offensio;

191 2062 238 2087 ex
257 2048 396 2099 quibus
414 2057 692 2096 nonnunquam
711 2046 857 2084 elicitur
874 2046 1019 2097 aliquid
1037 2047 1269 2097 suspicionis.

241 2100 367 2139 XIII.
397 2100 496 2138 Sunt
513 2106 643 2137 autem
661 2099 799 2150 aliquae
820 2099 1061 2151 suspiciones,
1081 2113 1168 2151 quae
1193 2113 1295 2139 com-
1324 2139 1327 2144 ,

187 2154 354 2195 munitet
372 2161 409 2194 et
421 2166 474 2194 ‚ex
493 2152 731 2204 negotiorum
750 2159 787 2193 et
806 2165 853 2193 ex
871 2165 1116 2206 personarum
1136 2154 1295 2192 attribu-
