1408 2323
287 377 367 430 M.
396 377 671 431 TULLII
710 378 1134 433 *CICERONIS

337 502 1093 575 RHETORICORUM,

671 648 758 676 SEU

160 743 254 789 DE
287 742 760 790 INVENTIONE
792 726 1256 800 RHETORICA,

544 860 707 899 LIBRI
735 860 870 909 DUO,

265 981 352 1014 QUI
390 981 599 1016 RELIQUI
638 982 767 1013 SUNT
804 981 872 1012 EX
909 978 1156 1016 QUATUOR.

633 1123 771 1150 -φ-

486 1224 663 1263 LIBER
692 1223 921 1263 PRIMUS.

207 1328 240 1366 Ι.
270 1329 398 1367 SAEPE
419 1334 455 1366 et
472 1329 640 1366 multum
665 1328 736 1366 hoc
754 1340 904 1365 mecum
923 1327 1095 1377 cogitavi,
1116 1328 1253 1367 bonine

151 1394 200 1419 an
224 1383 317 1419 mali
335 1382 421 1432 plus
440 1382 606 1418 attulerit
624 1381 840 1418 hominibus
859 1388 895 1418 et
913 1381 1123 1418 civitatibus
1146 1383 1253 1432 copia

149 1435 311 1482 dicendi,
327 1447 370 1473 ac
384 1447 578 1472 summum
594 1434 816 1484 eloquentiae
830 1434 996 1471 studium
1011 1448 1021 1470 :
1044 1447 1146 1481 nam,
1163 1447 1252 1472 cum

148 1496 187 1525 et
212 1495 346 1525 nostrae
371 1488 584 1538 reipublicae
610 1487 832 1524 detrimenta
850 1486 1053 1534 considero,
1074 1493 1110 1524 et
1127 1489 1253 1525 maxi-

148 1553 299 1578 marum
325 1541 519 1579 civitatum
546 1547 684 1577 veteres
709 1540 836 1577 animo
854 1540 1082 1577 calamitates
1100 1541 1249 1590 colligo,

148 1606 223 1631 non
253 1594 453 1631 minimam
473 1592 579 1630 video
609 1606 675 1643 per
703 1592 962 1630 disertissimos
992 1592 1162 1630 homines
1191 1594 1249 1631 in-

147 1654 293 1685 vectam
311 1653 456 1697 partem
475 1645 812 1683 incommodorum.
861 1645 961 1683 Cum
980 1652 1107 1682 autern
1126 1658 1182 1683 res
1201 1649 1249 1684 ab

146 1700 273 1738 nostra
290 1700 487 1747 memoria,
516 1706 667 1749 propter
685 1705 921 1746 vetustatem,
941 1706 1115 1745 remotas,
1137 1712 1183 1736 ex
1201 1700 1249 1736 li-

148 1760 312 1791 terarum
331 1753 574 1790 monimentis
592 1759 754 1802 repetere
771 1751 950 1795 instituo3
980 1752 1120 1788 multas
1138 1753 1249 1790 urbes

146 1807 377 1854 constitutas,
397 1805 563 1856 plurima
576 1806 675 1842 bella
688 1804 874 1850 restincta,
890 1803 1123 1841 firmissimas
1137 1805 1250 1842 socie-

146 1867 253 1908 tates,
274 1859 523 1896 sanctissimas
541 1858 723 1895 amicitias
740 1857 923 1906 intelligo,
947 1870 1034 1894 cum
1054 1857 1171 1893 animi
1191 1871 1250 1894 ra-

145 1914 260 1959 tione,
289 1918 373 1949 tum
391 1911 538 1949 facilius
557 1910 784 1961 eloquentia,
813 1916 1056 1959 comparatas.
1106 1910 1168 1947 Ac
1186 1923 1249 1948 me

146 1965 316 2016 quidem,
345 1965 411 2001 diu
441 1964 680 2014 cogitantem,
709 1963 803 1999 ratio
830 1963 913 2012 ipsa
937 1963 978 1999 in
1007 1962 1105 1999 hanc
1132 1964 1248 2012 potis-

145 2019 286 2056 simum
312 2018 534 2055 sententiam
559 2016 676 2063 ducit,
704 2022 748 2052 ut
773 2015 997 2061 existimem,
1027 2015 1247 2064 sapientiam

146 2071 225 2108 sine
243 2069 458 2121 eloquentia
481 2082 616 2120 parum
636 2068 807 2119 prodesse
825 2068 1050 2113 civitatibus,
1071 2068 1249 2116 eloquen-

145 2124 237 2161 tiam
263 2135 349 2160 vero
375 2123 453 2160 sine
478 2122 660 2172 sapientia
684 2121 847 2159 nimium
866 2122 992 2158 obesse
1010 2121 1247 2171 plerumque,

200 2177 394 2223 (thetor.)
425 2186 527 2214 VOL.
551 2186 579 2213 1.
906 2184 926 2210 B
