1429 2344
186 71 264 109 240
318 68 397 108 DE
426 66 722 117 ORATORE,
752 66 850 106 LIB.
871 67 930 106 ΙΙ.
959 66 1064 107 CAP.
1084 67 1151 107 460

185 177 337 225 vellem,
352 188 600 228 permoverer.
630 175 769 227 Neque
787 176 889 214 enim
907 175 1016 214 facile
1034 182 1089 214 est
1101 174 1290 227 perficere,

186 238 231 269 ut
259 232 453 278 irascatur,
481 230 542 268 cui
570 236 613 267 tu
639 230 744 278 velis,
773 229 906 278 judex,
928 229 959 267 si
977 236 1019 267 tu
1038 229 1118 280 ipse
1136 229 1176 267 id
1193 230 1295 267 lente

185 285 283 323 ferre
307 285 481 328 videare;
511 295 635 334 neque
660 290 705 321 ut
730 283 850 321 oderit
867 296 969 329 eum,
990 296 1106 334 quem
1125 289 1167 320 tu
1186 282 1293 329 velis,

187 339 261 376 nisi
280 338 444 389 teipsum
464 337 688 387 flagrantem
707 337 792 374 odio
811 344 898 374 ante
917 336 1073 382 viderit3
1104 349 1227 387 neque
1245 335 1296 373 ad

190 391 486 430 misericordiam
506 390 726 439 adducetur,
747 390 819 428 nisi
838 390 872 428 ei
890 397 932 427 tu
951 391 1058 440 signa
1076 389 1214 428 doloris
1239 389 1298 427 tui

189 445 326 493 verbis,
348 444 552 493 sententiis,
573 457 676 493 voce,
696 444 820 492 vultu,
841 443 1168 494 collacrymatione
1186 443 1295 481 deni-

193 512 281 551 que,
312 497 528 537 ostenderis.
565 497 621 536 Ut
640 498 743 535 enim
761 497 869 536 nulla
886 497 1061 535 materies
1079 504 1159 534 tam
1177 497 1298 535 facilis

192 553 241 591 ad
257 551 576 590 exardescendum
592 558 659 599 est,
680 565 780 602 quae,
800 550 873 588 nisi
892 551 1045 588 admoto
1059 550 1153 601 igni,
1169 550 1298 601 ignem

192 606 386 657 concipere
413 605 555 656 possit3
587 605 638 643 sic
663 605 771 642 nulla
797 617 905 642 mens
933 611 988 642 est
1016 611 1096 641 tam
1121 604 1170 641 ad
1197 617 1299 642 com-

191 660 502 721 prehendendam
527 658 607 697 vim
633 659 788 696 oratoris
813 664 958 710 parata,
987 671 1073 709 quae
1099 657 1216 708 possit
1241 657 1301 695 in-

194 714 316 762 cendi,
344 713 417 752 nisi
441 712 701 750 inflammatus
726 712 806 765 ipse
831 711 881 750 ad
899 724 998 761 eam,
1019 718 1055 749 et
1073 711 1221 761 ardens,
1240 724 1303 750 ac-

194 768 356 806 cesseris.

249 821 406 860 XLVI.
435 820 511 869 Ac,
541 833 589 859 ne
619 818 715 858 forte
743 819 816 858 hoc
844 832 1030 870 magnum
1058 832 1102 857 ac
1129 818 1303 858 mirabile

197 889 276 914 esse
305 875 490 923 videatur,
517 874 714 912 hominem
744 874 852 913 toties
876 874 999 921 irasci,
1028 873 1136 911 toties
1163 873 1302 921 dolere,

197 929 307 968 toties
321 929 426 967 omni
441 928 560 966 animi
574 935 681 965 motu
698 927 888 975 concitari,
909 927 1117 978 praesertim
1134 927 1175 964 in
1194 929 1306 965 rebus

198 983 344 1031 alienis,
377 995 519 1032 magna
550 981 606 1020 vis
640 988 695 1019 est
723 994 854 1019 earum
879 981 1164 1028 sententiarum,
1193 987 1308 1031 atque

199 1050 331 1075 eorum
349 1037 533 1083 locorum,
561 1048 656 1086 quos
682 1048 770 1085 agas
789 1041 999 1086 tractesque
1018 1034 1190 1083 dicendo,
1210 1034 1308 1071 nihil

200 1097 245 1129 ut
263 1103 357 1151 opus
378 1090 424 1127 sit
444 1089 684 1126 simulatione
699 1095 735 1126 et
749 1087 919 1125 fallaciis.
950 1088 1041 1139 Ipsa
1055 1087 1158 1126 enim
1171 1094 1308 1125 natura

155 1177 159 1181 .
200 1144 378 1182 orationis
398 1144 492 1192 ejus,
510 1156 596 1193 quae
611 1141 811 1202 suscipitur
825 1141 874 1178 ad
887 1141 1050 1179 aliorum
1065 1142 1210 1180 animos
1223 1154 1310 1192 per-

199 1211 289 1236 mov
292 1197 420 1244 endos,
433 1205 618 1234 oratorem
630 1196 756 1246 ipsum
771 1194 893 1245 magis
906 1195 1034 1244 etiam,
1047 1208 1165 1246 quam
1177 1208 1311 1246 quem-

203 1265 322 1311 quam
347 1263 479 1289 eorum
505 1250 573 1300 qui
598 1249 773 1296 audiunt,
794 1256 999 1299 permovet.
1041 1249 1097 1286 Et
1114 1261 1162 1287 ne
1179 1248 1279 1287 hoc
1268 1261 1310 1286 m

205 1305 339 1353 causis,
369 1305 409 1341 in
438 1303 604 1364 judiciis,
631 1303 673 1340 in
698 1302 908 1340 amicorum
932 1302 1122 1353 periculis,
1150 1302 1192 1340 in
1220 1314 1310 1340 con-

205 1372 318 1397 cursu
343 1358 560 1405 hominum,
588 1357 629 1394 in
657 1356 819 1405 civitate,
839 1356 881 1394 in
898 1356 994 1418 foro,
1015 1356 1181 1394 accidere
1199 1356 1312 1394 mire-

204 1426 307 1459 mur,
337 1425 425 1450 cum
454 1411 579 1461 agitur
608 1423 685 1448 non
715 1410 840 1448 solum
868 1409 1012 1460 ingenii
1040 1410 1158 1448 nostri
1187 1409 1314 1448 existi-

206 1466 324 1504 matio
352 1468 460 1508 (nam
485 1464 526 1502 id
551 1472 646 1502 esset
669 1463 816 1510 levius;
847 1476 1097 1515 quamquam,
1121 1476 1210 1502 cum
1227 1476 1315 1515 pro-

206 1520 260 1557 fe÷
264 1533 326 1557 sus
346 1519 408 1565 sis,
429 1525 466 1556 te
484 1518 524 1555 id
542 1531 650 1569 posse
675 1517 811 1565 facere,
839 1517 942 1568 quod
960 1517 1092 1579 pauci,
1106 1529 1155 1555 ne
1171 1517 1212 1555 id
1230 1517 1315 1568 qui-

208 1573 298 1611 dem
316 1572 588 1623 negligendum
608 1578 704 1619 est).
735 1571 800 1609 sed
817 1571 892 1608 alia
910 1578 999 1608 sunt
1016 1572 1161 1620 majora
1178 1571 1315 1620 multo,

209 1627 317 1674 fides,
353 1626 534 1673 officium,
571 1624 792 1676 diligentia3
830 1624 971 1675 quibus
1006 1626 1118 1662 rebus
1149 1624 1316 1673 adducti,

210 1680 325 1718 etiam
350 1692 439 1717 cum
465 1679 712 1717 alienissimos
731 1678 982 1726 defendimus,
1003 1684 1132 1716 tamen
1151 1691 1212 1716 eos
1230 1677 1320 1716 alie-

210 1746 293 1782 nos,
315 1733 346 1771 si
364 1732 436 1783 ipsi
455 1733 525 1770 viri
542 1733 634 1770 boni
652 1733 830 1770 volumus
843 1731 989 1779 haberi,
1010 1731 1224 1769 existimare
1241 1743 1319 1769 non

210 1799 425 1839 possumus.
455 1786 531 1824 Sed
550 1788 610 1829 (ut
629 1785 726 1833 dixi)
746 1797 794 1823 ne
811 1785 912 1823 hoc
901 1797 942 1822 m
960 1785 1068 1822 nobis
1081 1785 1225 1823 mirum
1243 1798 1320 1824 esse

212 1841 399 1887 videatur,
426 1839 521 1890 quid
538 1846 661 1890 potest
679 1851 757 1877 esse
776 1845 856 1875 tam
874 1838 1022 1885 fictum,
1043 1851 1161 1889 quam
1178 1851 1320 1887 versus,

214 1907 333 1946 quam
361 1905 483 1940 scena,
515 1905 633 1944 quam
664 1891 828 1930 fabulae.
819 1894 836 1919 '³
865 1898 994 1929 tamen
1021 1891 1062 1929 in
1089 1891 1161 1930 hoc
1187 1904 1323 1943 genere

215 1961 315 1998 saepe
339 1947 420 1998 ipse
444 1945 535 1993 vidi,
563 1959 652 1984 cum
678 1959 726 1983 ex
754 1945 915 1996 persona
939 1945 1036 1982 mihi
1066 1945 1195 1984 ardere
1221 1945 1321 1984 oculi

216 2001 382 2040 hominis
400 2000 591 2038 histrionis
610 1999 839 2048 viderentur,
855 1998 1051 2050 spondalia
1068 1998 1135 2037 illa
1152 1998 1322 2047 dicentis,

273 2069 302 2090 ‘⁶
318 2067 524 2118 Segregare
542 2067 616 2158 gib}
641 2071 678 2104 te
703 2078 832 2114 ausus,
859 2071 927 2103 aut
948 2064 1029 2103 sine
1045 2064 1113 2104 ino
1131 2064 1325 2105 Salamina

434 2120 541 2170 ingre

274 2173 414 2226 Neque
433 2181 635 2226 paternum
654 2172 876 2226 adspectum
895 2186 934 2213 es
953 2171 1091 2213 veritus
1104 2171 1151 2212 ?”
