1407 2324
167 51 243 91 DE
263 53 466 93 CLARIS
485 53 871 103 ORATORIBUS,
892 53 996 92 CAr.
1014 53 1078 97 27.
1107 52 1182 90 381

92 171 169 197 non
192 172 328 210 genero
352 161 489 198 minori
513 161 609 199 dixit
634 174 671 199 se
697 161 805 208 illud,
837 160 900 198 sed
925 159 1057 208 majori
1084 158 1186 205 filiae,

91 211 283 260 detulisse)
302 213 334 251 is
352 221 493 261 tamen,
513 214 683 252 instituto
703 215 826 262 Laelii,
847 213 1060 251 Panaetium
1079 211 1187 248 audi-

94 272 207 302 verat.
249 265 347 314 Ejus
378 267 500 305 omnis
528 267 568 304 in
593 267 750 304 dicendo
777 267 933 305 facultas
960 278 1007 303 ex
1033 263 1188 302 historia

93 317 211 368 ipsius
235 331 310 356 non
336 319 564 370 ineleganter
589 320 723 370 scripta
748 320 905 370 perspici
928 325 1074 369 potest;
1103 329 1188 368 quae

93 383 215 421 neque
232 371 345 410 nimis
363 380 419 410 est
435 373 573 419 infans,
593 386 714 423 neque
733 373 892 424 perfecte
911 372 1058 409 diserta.

149 423 305 462 Mucius
323 434 449 463 autem
468 439 603 476 augur,
624 426 726 476 quod
743 439 811 476 pro
830 439 868 463 se
886 437 981 475 opus
999 430 1090 469 erat,
1109 422 1188 473 ipse

96 476 256 524 dicebat,
283 485 326 515 ut
351 478 397 516 de
422 479 588 529 pecuniis
612 479 826 529 repetundis
852 486 979 516 contra
997 477 1046 513 T.
1062 477 1190 513 Albu-

96 530 210 567 cium.
255 530 294 568 Is
311 538 502 569 oratorum
520 532 558 568 in
578 544 736 569 numero
754 544 830 569 non
845 531 944 575 fuit;
962 529 1057 578 juris
1071 528 1191 566 civilis

95 583 356 633 intelligentia,
377 591 489 635 atque
503 585 607 622 omni
621 584 829 635 prudentiae
843 596 990 633 genere,
1006 581 1188 632 praestitit.

97 635 144 672 L.
166 636 306 674 Coelius
324 637 541 688 Antipater,
561 638 716 688 scriptor
735 635 1073 687 (quemadmodum
1089 634 1192 671 vide-

99 688 162 734 tis)
181 688 268 736 fuit,
288 697 331 726 ut
349 691 579 740 temporibus
603 691 690 736 illis,
717 691 944 734 luculentus,
969 688 1064 737 juris
1083 686 1191 725 valde

98 741 252 791 peritus,
272 743 480 780 multe-rum
499 744 626 788 etiam,
647 751 690 780 ut
710 743 756 780 L.
774 743 911 789 Crassi,
931 741 1118 791 magister.

153 794 335 833 XXVII.
365 796 524 833 Utinam
549 797 588 834 in
613 797 676 834 Ti.
699 796 883 841 Graccho,
912 795 1079 844 Gaioque
1098 793 1190 830 Car-

100 848 210 894 bone,
240 849 325 885 talis
353 861 460 886 mens
489 849 536 886 ad
565 849 835 900 rempublicam
864 851 959 886 bene
989 845 1191 897 gerendam

99 900 243 947 fuisset,
263 902 374 951 quale
387 901 582 951 ingenium
597 902 644 939 ad
659 904 752 939 bene
770 901 972 939 dicendum
985 899 1059 936 fuit
1073 899 1082 935 !
1104 911 1190 948 pro-

98 953 195 991 fecto
209 966 319 992 nemo
333 954 391 991 his
405 955 492 992 viris
505 955 623 1005 gloria
637 955 876 1006 praestitisset.
905 953 980 991 Sed
993 964 1123 989 eorum
1138 951 1193 988 al-

98 1014 167 1054 ter,
182 1013 332 1057 propter
350 1008 715 1045 turbulentissimum
729 1008 979 1053 tribunatum,
1000 1005 1047 1042 ad
1062 1016 1191 1054 quem,

99 1072 147 1097 ex
174 1059 317 1097 invidia
344 1060 491 1098 foederis
515 1060 747 1098 Numantini
775 1060 882 1098 bonis
911 1059 1042 1105 iratus,
1072 1069 1192 1094 acces-

99 1119 209 1160 serat,
237 1114 284 1150 ab
302 1112 385 1163 ipsa
402 1114 594 1163 republica
611 1121 666 1151 est
682 1113 921 1151 interfectus:
952 1112 1058 1158 alter,
1078 1123 1191 1160 prop-2

98 1172 155 1202 ter
178 1173 397 1216 perpetuam
421 1166 460 1203 in
485 1167 660 1217 populari
685 1166 827 1204 ratione
849 1165 1052 1210 levitatem,
1073 1170 1194 1200 morte

100 1218 311 1256 voluntaria
337 1231 376 1256 se
404 1232 426 1256 a
450 1220 642 1257 severitate
667 1219 841 1268 judicum
866 1217 1078 1254 vindicavit.
1118 1215 1193 1253 Sed

97 1270 172 1308 fuit
184 1278 341 1322 uterque
358 1285 529 1310 summus
548 1280 670 1310 orator
688 1276 818 1322 (atque
835 1271 906 1308 hoc
923 1269 1107 1307 memoria
1124 1281 1192 1318 pa·

99 1330 201 1361 trum
230 1331 320 1362 teste
349 1324 550 1372 dicimus);
581 1338 670 1362 nam
701 1332 737 1362 et
762 1323 944 1362 Carbonis
969 1330 1006 1360 et
1032 1320 1193 1358 Gracchi

97 1376 280 1414 habemus
306 1377 501 1425 orationes,
527 1378 698 1415 nondum
717 1377 804 1415 satis
824 1375 1036 1427 splendidas
1055 1374 1191 1421 verbis,

98 1429 163 1467 sed
191 1437 331 1476 acutas,
356 1430 640 1482 prudentiaeque
664 1430 909 1481 plenissimas.
957 1428 1048 1465 Fuit
1074 1427 1193 1464 Grac-

98 1482 190 1520 chus
212 1483 409 1532 diligentia
435 1483 618 1522 Corneliae
643 1483 772 1521 matris
798 1496 821 1520 a
845 1494 961 1533 puero
984 1480 1128 1527 doctus,
1157 1486 1195 1517 et

98 1535 239 1573 Graecis
256 1536 371 1574 literis
390 1537 580 1582 eruditus3
601 1549 691 1574 nam
710 1549 856 1586 semper
874 1534 1008 1572 habuit
1027 1532 1192 1583 exquisi-

96 1595 152 1626 tos
178 1601 198 1626 e
222 1588 369 1627 Graecia
392 1590 602 1640 magistros,
630 1589 669 1626 in
695 1589 746 1626 eis
765 1590 847 1637 jam
866 1588 1078 1625 adolescens
1097 1585 1193 1623 Dio-

93 1641 258 1692 phanem
280 1642 561 1693 Mitylenaeum,
583 1642 752 1689 Graeciae,
773 1641 1007 1692 temporibus
1025 1639 1114 1685 inis,
1135 1638 1193 1675 di-

92 1695 349 1732 sertissimum.
379 1695 453 1734 Sed
469 1703 504 1733 et
521 1697 633 1733 breve
647 1702 798 1745 tempus
816 1693 958 1744 ingenii
977 1691 1141 1742 augendi
1155 1697 1193 1728 et

91 1746 303 1785 declarandi
321 1748 405 1786 fuit.
449 1748 586 1795 Carbo,
611 1748 736 1799 quoad
755 1748 832 1785 vita
849 1744 1117 1797 suppeditavit,
1138 1750 1194 1781 est

90 1799 131 1836 in
148 1801 278 1838 multis
293 1801 444 1849 judiciis
463 1801 657 1852 causisque
676 1801 858 1852 cognitus.
901 1800 1018 1837 Hunc
1037 1797 1106 1847 qui
1124 1809 1192 1833 au-

89 1852 234 1891 dierant
252 1855 453 1904 prudentes
470 1854 655 1900 homines,
675 1854 716 1891 in
736 1854 873 1904 quibus
891 1850 1088 1889 familiaris
1107 1861 1194 1886 nos·

89 1911 145 1943 ter
163 1906 210 1943 L.
228 1906 389 1954 Gellius,
411 1907 477 1958 qui
491 1921 529 1945 se
542 1907 599 1944 illi
613 1907 921 1945 contubernalem
939 1905 979 1941 in
993 1915 1109 1940 consu
1127 1908 1192 1938 atu

88 1958 201 1997 fuisse
219 1962 406 2007 narrabat,
426 1973 606 1998 canorum
625 1967 825 2005 oratorem,
851 1967 887 1996 et
912 1955 1134 2001 volubilem,
1156 1961 1193 1990 et

90 2011 178 2049 satis
195 2025 332 2061 acrem,
352 2020 466 2064 atque
483 2014 660 2051 eumdem
679 2019 716 2050 et
734 2012 1008 2055 vehementem,
1025 2015 1062 2046 et
1081 2006 1192 2044 valde

90 2063 253 2112 dulcem,
278 2073 316 2103 et
333 2066 579 2116 perfacetum,
602 2066 718 2104 fuisse
736 2065 905 2102 dicebat:
935 2062 1110 2107 addebat,
1131 2059 1191 2096 in-

86 2115 273 2155 dustrium
286 2118 413 2166 etiam,
433 2126 470 2157 ct
483 2119 720 2169 diligentem,
741 2125 778 2155 et
791 2117 831 2156 in
846 2113 1186 2157 exercitationibus,
