1429 2344
215 89 294 127 218
348 89 426 129 DE
455 89 750 140 ORATORE,
780 89 878 129 Lm.
908 89 968 130 ΙΙ.
997 89 1103 130 CAP.
1123 92 1188 130 25.

215 197 351 235 amitti.
382 198 445 236 Ita
462 198 650 247 nonnulli,
668 197 762 236 dum
776 211 931 250 operam
950 211 1059 237 suam
1073 199 1238 237 multam
1257 209 1324 235 ex-

213 251 373 289 istimari
392 253 538 299 volunt,
560 260 603 290 ut
627 260 705 291 toto
731 252 812 291 foro
837 253 1007 301 volitare,
1026 260 1064 291 et
1087 266 1110 291 a
1135 251 1248 291 causa
1274 250 1324 289 ad

215 318 368 344 causam
393 306 447 344 ire
473 307 684 354 videantur,
705 319 834 344 causas
861 306 991 344 dicunt
1018 306 1238 358 incognitas.
1273 306 1323 344 In

214 373 292 410 quo
311 367 365 398 est
383 360 450 397 illa
468 360 623 411 quidem
641 372 783 410 magna
801 360 969 408 offensio,
991 361 1050 398 vel
1068 359 1322 412 negligentiae,

212 413 393 464 susceptis
422 416 558 457 rebus:
594 414 654 451 vel
684 413 865 465 perfidiae,
895 414 1075 465 receptis:
1112 415 1177 452 sed
1207 414 1322 452 etiam

210 467 278 504 illa
307 469 429 516 major
461 468 650 518 opinione,
686 467 789 519 quod
819 480 931 505 nemo
960 475 1098 518 potest,
1131 468 1180 506 de
1208 469 1253 506 ea
1281 481 1322 506 18

212 533 331 572 quam
349 534 426 559 non
445 522 563 569 noxit,
580 534 656 559 non
676 521 892 572 turpissime
911 521 1042 559 dicere.
1072 521 1135 559 Ita
1148 522 1243 559 dum
1261 521 1322 559 in-

198 575 312 612 'ertiae
341 575 668 626 vituperationem,
696 589 782 626 quae
811 576 934 624 major
960 582 1027 623 est,
1056 582 1319 624 contemnunt,

208 636 461 680 assequuntur
481 629 595 666 etiam
619 629 740 676 illam,
763 641 880 680 quam
903 628 1026 678 magis
1048 627 1121 679 ipsi
1147 629 1318 679 fugiunt,

207 683 404 721 tarditatis.
434 683 630 734 Equidem
660 683 760 720 soleo
786 682 874 720 dare
906 695 1074 732 operam,
1101 689 1146 720 ut
1173 682 1219 720 de
1249 683 1320 721 sua

206 737 368 788 quisque
386 750 426 774 re
443 750 506 774 me
524 736 604 787 ipse
619 736 749 774 doceat
763 749 774 782 3
805 742 855 783 et,
872 742 916 773 ut
930 748 978 772 ne
993 736 1078 786 quis
1094 736 1191 773 alius
1206 736 1317 785 adsit,

206 804 283 842 quo
314 791 468 829 liberius
500 791 692 841 loquatur,
721 797 758 827 et
784 802 894 840 agere
919 789 1121 827 adversarii
1151 802 1318 839 causam,

205 852 249 883 ut
273 845 338 882 ille
365 852 453 894 agat
478 857 600 892 suam,
623 850 672 891 et,
693 843 882 894 quidquid
907 843 953 880 de
981 843 1051 880 sua
1069 856 1110 880 re
1128 843 1315 894 cogitarit,

204 898 246 936 in
272 899 444 936 medium
464 897 640 948 proferat.
672 897 822 948 Itaque,
844 909 933 934 cum
951 896 1015 934 ille
1034 896 1214 945 discessit,
1241 904 1318 936 trae

203 964 381 1002 personas
394 965 493 989 unus
506 952 670 989 sustineo
683 951 833 988 summ-21
843 950 961 988 animi
973 951 1162 1001 aequitate,
1172 964 1314 999 meam,

204 1006 419 1051 adversarii,
437 1005 586 1054 judicis.
617 1004 698 1051 Qui
712 1005 816 1042 locus
835 1011 889 1041 est
904 1003 1003 1050 talis,
1020 1010 1064 1041 ut
1077 1005 1164 1055 plus
1178 1004 1317 1044 habeat

204 1059 417 1108 adjumenti
436 1071 553 1110 quam
571 1058 816 1105 incommodi,
833 1058 936 1095 hunc
951 1057 1082 1107 judico
1097 1071 1174 1096 esse
1188 1058 1317 1097 dicen-

205 1113 324 1151 dum:
354 1112 422 1150 ubi
450 1113 537 1163 plus
562 1113 656 1149 mali
681 1125 798 1163 quam
823 1111 914 1149 boni
938 1111 1095 1162 reperio,
1123 1111 1163 1149 id
1191 1119 1316 1151 totum

205 1167 382 1216 abiudico
408 1174 522 1217 atque
547 1166 665 1214 ejicio.
702 1165 764 1202 Ita
783 1178 973 1216 assequor,
992 1172 1037 1203 ut
1055 1166 1129 1203 alio
1146 1172 1319 1217 tempore

203 1221 379 1282 cogitem,
402 1220 495 1270 quid
513 1220 651 1266 dicam,
677 1226 721 1256 et
739 1219 812 1256 alio
837 1219 986 1256 dicam:
1018 1233 1104 1270 quae
1131 1219 1207 1258 duo
1232 1221 1315 1271 ple-

202 1274 325 1325 rique,
345 1274 497 1324 ingenio
521 1273 621 1321 freti,
649 1273 764 1310 51111111
786 1272 955 1310 faciunt:
986 1273 1051 1310 sed
1075 1280 1174 1311 certe
1198 1273 1315 1312 iidem

201 1328 259 1365 1111
271 1329 408 1366 melius
427 1327 622 1378 aliquanto
636 1327 814 1373 dicerent,
829 1326 860 1363 si
878 1326 984 1363 aliud
998 1327 1228 1365 sumendum
1242 1328 1316 1366 sibi

202 1389 353 1433 tempus
372 1381 420 1419 ad
435 1381 693 1431 cogitandum,
710 1356 816 1417 aliud
834 1380 883 1418 ad
901 1380 1105 1418 dicendum
1122 1388 1312 1432 putarent.

255 1436 357 1474 Cum
376 1448 457 1473 rem
475 1435 626 1486 penitus
645 1447 874 1486 causamque
898 1433 1069 1484 cognovi,
1097 1435 1225 1472 statim
1251 1448 1313 1475 oc-

200 1490 317 1528 currit
331 1489 472 1537 animo,
490 1503 576 1540 quae
590 1489 638 1527 sit
656 1501 768 1526 causa
787 1488 970 1539 ambigui.
999 1488 1114 1526 Nihil
1127 1495 1182 1526 est
1193 1489 1310 1539 enim,

198 1544 304 1595 quod
322 1544 420 1581 inter
437 1543 610 1581 homines
624 1542 854 1593 ambigatur,
868 1542 945 1580 sive
963 1555 1010 1580 ex
1025 1541 1182 1580 crimine
1200 1555 1313 1582 causa

199 1604 356 1645 constet,
375 1604 420 1635 ut
437 1597 626 1645 facinoris,
647 1596 723 1634 sive
743 1609 790 1634 ex
809 1595 1073 1643 controversia,
1094 1602 1138 1633 ut
1151 1595 1311 1634 haeredi..

197 1651 299 1698 tatis,
321 1651 398 1688 sive
417 1664 465 1688 ex
483 1650 764 1696 deliberatione,
785 1656 829 1687 ut
846 1649 951 1697 belli,
971 1649 1049 1687 sive
1067 1662 1115 1687 ex
1133 1649 1309 1700 persona,

195 1712 240 1742 ut
257 1704 395 1752 laudis,
412 1704 488 1741 sive
503 1717 550 1742 ex
568 1703 835 1754 disputatione,
851 1710 896 1740 ut
910 1703 957 1741 (18
974 1703 1119 1741 ratione
1133 1702 1309 1750 vivendi;

195 1758 238 1796 in
257 1771 333 1809 quo
351 1769 442 1806 non,
464 1764 531 1795 aut
545 1757 640 1808 quid
656 1756 802 1795 factum
821 1757 881 1805 sit,
902 1764 969 1794 aut
986 1756 1066 1805 fiat,
1085 1756 1311 1796 futurumve

197 1812 259 1861 sit,
280 1818 486 1863 quaeratur,
507 1818 574 1848 aut
591 1811 704 1862 quale
722 1810 783 1859 sit,
804 1816 872 1847 aut
889 1810 983 1861 quid
1001 1816 1165 1848 vocetur.

248 1865 387 1903 XXV.
415 1864 479 1903 Ac
505 1871 642 1903 nostrae
669 1863 747 1901 fere
774 1876 908 1911 causae,
936 1876 1022 1915 quae
1043 1863 1200 1915 quidem
1219 1872 1311 1903 sunt

196 1919 416 1967 criminum,
428 1919 655 1969 plerumque
665 1917 893 1955 inficiatione
904 1917 1170 1956 defenduntur.
1198 1917 1308 1957 Nam

196 1981 233 2012 et
245 1973 292 2011 de
302 1973 470 2024 pecuniis
481 1971 712 2023 repetundis,
726 1985 812 2022 quae
822 1971 1003 2010 maximae
1015 1979 1117 2020 sunt,
1130 1972 1306 2022 neganda

193 2027 272 2066 fere
291 2035 379 2065 sunt
397 2026 549 2064 omnia:
580 2033 617 2063 et
635 2025 681 2064 de
705 2025 852 2063 ambitu
877 2039 961 2063 raro
986 2026 1085 2063 illud
1106 2025 1232 2074 datur,
1260 2033 1305 2064 ut

191 2080 311 2132 possis
339 2080 603 2118 liberalitatem
626 2093 669 2117 ac
696 2072 970 2141 benignitatem
994 2081 1043 2118 ab
1071 2079 1220 2117 ambitu
1244 2086 1303 2117 at-

190 2148 266 2186 que
278 2135 477 2186 largitione
492 2135 711 2184 sejungere:
741 2133 789 2171 (18
807 2133 960 2181 sicariis,
974 2134 1022 2172 de
1035 2132 1236 2181 veneficiis,
1253 2132 1301 2171 (18

188 2189 380 2240 peculatu,
410 2187 568 2228 inficiari
593 2199 741 2227 necesse
769 2194 835 2226 est.
874 2187 924 2226 Id
949 2194 1004 2227 est
1032 2186 1150 2239 igitur
1177 2198 1300 2239 genus
