<?xml version="1.0" encoding="UTF-8"?>
<!DOCTYPE html PUBLIC "-//W3C//DTD XHTML 1.0 Transitional//EN"
    "http://www.w3.org/TR/xhtml1/DTD/xhtml1-transitional.dtd">
<html xmlns="http://www.w3.org/1999/xhtml" xml:lang="en" lang="en">
 <head>
  <title>
</title>
<meta http-equiv="Content-Type" content="text/html;charset=utf-8" />
  <meta name='ocr-system' content='tesseract 3.04.00' />
  <meta name='ocr-capabilities' content='ocr_page ocr_carea ocr_par ocr_line ocrx_word'/>
</head>
<body>
  <div class='ocr_page' id='page_1' title='image "./operaern01ciceuoft_0194.png"; bbox 0 0 1429 2344; ppageno 0'>
   <div class='ocr_carea' id='block_1_1' title="bbox 208 64 1158 114">
    <p class='ocr_par' dir='ltr' id='par_1_1' title="bbox 208 64 1158 114">
     <span class='ocr_line' id='line_1_1' title="bbox 208 64 1158 114; baseline 0 -11"><span class='ocrx_word' id='word_1_1' title='bbox 208 64 285 108; x_wconf 87' lang='lat'>176</span> <span class='ocrx_word' id='word_1_2' title='bbox 366 64 443 104; x_wconf 89' lang='lat' dir='ltr'>DE</span> <span class='ocrx_word' id='word_1_3' title='bbox 463 65 887 114; x_wconf 70' lang='lat' dir='ltr'>ORATORE,L1B.</span> <span class='ocrx_word' id='word_1_4' title='bbox 906 66 940 104; x_wconf 89' lang='grc' dir='ltr'>Ι.</span> <span class='ocrx_word' id='word_1_5' title='bbox 970 66 1074 105; x_wconf 76' lang='lat' dir='ltr'>CAP.</span> <span class='ocrx_word' id='word_1_6' title='bbox 1091 68 1158 104; x_wconf 82' lang='lat'>51.</span> 
     </span>
    </p>
   </div>
   <div class='ocr_carea' id='block_1_2' title="bbox 211 173 1346 2218">
    <p class='ocr_par' dir='ltr' id='par_1_2' title="bbox 211 173 1338 871">
     <span class='ocr_line' id='line_1_2' title="bbox 211 173 1324 236; baseline -0.001 -21"><span class='ocrx_word' id='word_1_7' title='bbox 211 176 367 223; x_wconf 86' lang='lat' dir='ltr'>audent,</span> <span class='ocrx_word' id='word_1_8' title='bbox 398 175 644 228; x_wconf 83' lang='lat' dir='ltr'>geometriam</span> <span class='ocrx_word' id='word_1_9' title='bbox 676 180 743 212; x_wconf 89' lang='lat' dir='ltr'>aut</span> <span class='ocrx_word' id='word_1_10' title='bbox 773 174 958 212; x_wconf 87' lang='lat' dir='ltr'><strong>musicam</strong></span> <span class='ocrx_word' id='word_1_11' title='bbox 986 173 1203 225; x_wconf 85' lang='lat' dir='ltr'>philosophi</span> <span class='ocrx_word' id='word_1_12' title='bbox 1231 187 1324 236; x_wconf 81' lang='lat' dir='ltr'>esse,</span> 
     </span>
     <span class='ocr_line' id='line_1_3' title="bbox 213 227 1332 282; baseline -0.002 -14"><span class='ocrx_word' id='word_1_13' title='bbox 213 231 305 282; x_wconf 87' lang='lat' dir='ltr'>quia</span> <span class='ocrx_word' id='word_1_14' title='bbox 337 230 538 269; x_wconf 86' lang='lat' dir='ltr'><strong>Platonem</strong></span> <span class='ocrx_word' id='word_1_15' title='bbox 566 241 698 267; x_wconf 88' lang='grc'><strong>01111183</strong></span> <span class='ocrx_word' id='word_1_16' title='bbox 725 228 765 265; x_wconf 87' lang='grc'>111</span> <span class='ocrx_word' id='word_1_17' title='bbox 796 227 872 265; x_wconf 90' lang='grc'><strong>11113</strong></span> <span class='ocrx_word' id='word_1_18' title='bbox 899 227 1044 266; x_wconf 86' lang='lat' dir='ltr'>artibus</span> <span class='ocrx_word' id='word_1_19' title='bbox 1070 228 1332 278; x_wconf 80' lang='lat' dir='ltr'>praestantissi-</span> 
     </span>
     <span class='ocr_line' id='line_1_4' title="bbox 215 281 1330 332; baseline -0.001 -11"><span class='ocrx_word' id='word_1_20' title='bbox 215 296 326 322; x_wconf 91' lang='lat' dir='ltr'>mum</span> <span class='ocrx_word' id='word_1_21' title='bbox 344 283 459 321; x_wconf 88' lang='lat' dir='ltr'>fuisse</span> <span class='ocrx_word' id='word_1_22' title='bbox 476 283 677 321; x_wconf 85' lang='lat' dir='ltr'><strong>fateantur.</strong></span> <span class='ocrx_word' id='word_1_23' title='bbox 706 281 783 329; x_wconf 89' lang='lat' dir='ltr'>Ac,</span> <span class='ocrx_word' id='word_1_24' title='bbox 804 281 834 319; x_wconf 90' lang='lat' dir='ltr'>si</span> <span class='ocrx_word' id='word_1_25' title='bbox 850 282 932 330; x_wconf 90' lang='lat' dir='ltr'>jam</span> <span class='ocrx_word' id='word_1_26' title='bbox 946 281 1070 332; x_wconf 87' lang='lat' dir='ltr'>placet</span> <span class='ocrx_word' id='word_1_27' title='bbox 1088 294 1219 320; x_wconf 89' lang='lat' dir='ltr'>omnes</span> <span class='ocrx_word' id='word_1_28' title='bbox 1233 289 1330 321; x_wconf 86' lang='lat' dir='ltr'>artes</span> 
     </span>
     <span class='ocr_line' id='line_1_5' title="bbox 215 334 1327 387; baseline -0.002 -11"><span class='ocrx_word' id='word_1_29' title='bbox 215 337 355 377; x_wconf 88' lang='lat' dir='ltr'>oratori</span> <span class='ocrx_word' id='word_1_30' title='bbox 373 337 617 387; x_wconf 90' lang='lat' dir='ltr'>subjungere,</span> <span class='ocrx_word' id='word_1_31' title='bbox 637 334 870 374; x_wconf 88' lang='lat' dir='ltr'>tolerabilius</span> <span class='ocrx_word' id='word_1_32' title='bbox 889 342 944 373; x_wconf 89' lang='lat' dir='ltr'>est</span> <span class='ocrx_word' id='word_1_33' title='bbox 971 335 1023 373; x_wconf 89' lang='lat' dir='ltr'>sic</span> <span class='ocrx_word' id='word_1_34' title='bbox 1040 335 1166 385; x_wconf 89' lang='lat' dir='ltr'>potius</span> <span class='ocrx_word' id='word_1_35' title='bbox 1191 335 1327 385; x_wconf 82' lang='lat' dir='ltr'>dicere,</span> 
     </span>
     <span class='ocr_line' id='line_1_6' title="bbox 217 388 1334 442; baseline -0.002 -13"><span class='ocrx_word' id='word_1_36' title='bbox 217 398 276 439; x_wconf 89' lang='lat' dir='ltr'>ut,</span> <span class='ocrx_word' id='word_1_37' title='bbox 305 390 487 442; x_wconf 92' lang='lat' dir='ltr'>quoniam</span> <span class='ocrx_word' id='word_1_38' title='bbox 505 389 655 428; x_wconf 88' lang='lat' dir='ltr'>dicendi</span> <span class='ocrx_word' id='word_1_39' title='bbox 672 389 831 427; x_wconf 82' lang='lat' dir='ltr'><strong>facultas</strong></span> <span class='ocrx_word' id='word_1_40' title='bbox 858 401 935 427; x_wconf 91' lang='lat' dir='ltr'>non</span> <span class='ocrx_word' id='word_1_41' title='bbox 955 388 1088 426; x_wconf 85' lang='lat' dir='ltr'>debeat</span> <span class='ocrx_word' id='word_1_42' title='bbox 1107 402 1185 427; x_wconf 88' lang='lat' dir='ltr'>esse</span> <span class='ocrx_word' id='word_1_43' title='bbox 1200 390 1334 438; x_wconf 88' lang='lat' dir='ltr'>jejuna</span> 
     </span>
     <span class='ocr_line' id='line_1_7' title="bbox 218 442 1332 495; baseline -0.001 -13"><span class='ocrx_word' id='word_1_44' title='bbox 218 452 334 495; x_wconf 90' lang='lat' dir='ltr'>atque</span> <span class='ocrx_word' id='word_1_45' title='bbox 353 444 471 491; x_wconf 90' lang='lat' dir='ltr'>nuda,</span> <span class='ocrx_word' id='word_1_46' title='bbox 503 443 567 481; x_wconf 88' lang='lat' dir='ltr'>sed</span> <span class='ocrx_word' id='word_1_47' title='bbox 595 443 771 494; x_wconf 86' lang='lat' dir='ltr'>adspersa</span> <span class='ocrx_word' id='word_1_48' title='bbox 797 448 911 493; x_wconf 89' lang='lat' dir='ltr'>atque</span> <span class='ocrx_word' id='word_1_49' title='bbox 929 442 1103 480; x_wconf 85' lang='lat' dir='ltr'>distincta</span> <span class='ocrx_word' id='word_1_50' title='bbox 1121 443 1332 481; x_wconf 89' lang='lat' dir='ltr'>multarum</span> 
     </span>
     <span class='ocr_line' id='line_1_8' title="bbox 220 495 1334 548; baseline -0.001 -12"><span class='ocrx_word' id='word_1_51' title='bbox 220 511 350 536; x_wconf 89' lang='lat' dir='ltr'>rerum</span> <span class='ocrx_word' id='word_1_52' title='bbox 375 497 548 547; x_wconf 68' lang='lat' dir='ltr'>jucunda</span> <span class='ocrx_word' id='word_1_53' title='bbox 566 496 735 548; x_wconf 69' lang='lat' dir='ltr'>quadam</span> <span class='ocrx_word' id='word_1_54' title='bbox 761 496 953 543; x_wconf 85' lang='lat' dir='ltr'>varietate,</span> <span class='ocrx_word' id='word_1_55' title='bbox 985 495 1032 533; x_wconf 93' lang='lat' dir='ltr'>sit</span> <span class='ocrx_word' id='word_1_56' title='bbox 1059 497 1149 535; x_wconf 92' lang='lat' dir='ltr'>boni</span> <span class='ocrx_word' id='word_1_57' title='bbox 1177 497 1334 535; x_wconf 87' lang='lat' dir='ltr'>oratoris</span> 
     </span>
     <span class='ocr_line' id='line_1_9' title="bbox 219 549 1334 601; baseline -0.001 -11"><span class='ocrx_word' id='word_1_58' title='bbox 219 552 344 590; x_wconf 89' lang='lat' dir='ltr'>multa</span> <span class='ocrx_word' id='word_1_59' title='bbox 362 551 516 590; x_wconf 89' lang='lat' dir='ltr'>auribus</span> <span class='ocrx_word' id='word_1_60' title='bbox 534 550 731 601; x_wconf 85' lang='lat' dir='ltr'>accepisse,</span> <span class='ocrx_word' id='word_1_61' title='bbox 750 550 874 587; x_wconf 90' lang='lat' dir='ltr'>multa</span> <span class='ocrx_word' id='word_1_62' title='bbox 892 549 1042 598; x_wconf 88' lang='lat' dir='ltr'>vidisse,</span> <span class='ocrx_word' id='word_1_63' title='bbox 1064 550 1189 588; x_wconf 89' lang='lat' dir='ltr'>multa</span> <span class='ocrx_word' id='word_1_64' title='bbox 1206 550 1334 589; x_wconf 88' lang='lat' dir='ltr'>animo</span> 
     </span>
     <span class='ocr_line' id='line_1_10' title="bbox 221 603 1337 656; baseline -0.001 -12"><span class='ocrx_word' id='word_1_65' title='bbox 221 612 259 644; x_wconf 87' lang='lat' dir='ltr'>et</span> <span class='ocrx_word' id='word_1_66' title='bbox 277 605 514 656; x_wconf 83' lang='lat' dir='ltr'>cogitatione,</span> <span class='ocrx_word' id='word_1_67' title='bbox 535 605 659 642; x_wconf 90' lang='lat' dir='ltr'>multa</span> <span class='ocrx_word' id='word_1_68' title='bbox 673 605 787 642; x_wconf 90' lang='lat' dir='ltr'>etiam</span> <span class='ocrx_word' id='word_1_69' title='bbox 805 603 979 654; x_wconf 89' lang='lat' dir='ltr'>legendo,</span> <span class='ocrx_word' id='word_1_70' title='bbox 998 604 1249 654; x_wconf 82' lang='lat' dir='ltr'>percurrisse3</span> <span class='ocrx_word' id='word_1_71' title='bbox 1270 617 1337 644; x_wconf 92' lang='lat' dir='ltr'>ne-</span> 
     </span>
     <span class='ocr_line' id='line_1_11' title="bbox 222 657 1335 710; baseline 0 -14"><span class='ocrx_word' id='word_1_72' title='bbox 222 672 298 710; x_wconf 94' lang='lat' dir='ltr'>que</span> <span class='ocrx_word' id='word_1_73' title='bbox 318 673 375 708; x_wconf 88' lang='lat' dir='ltr'>ea,</span> <span class='ocrx_word' id='word_1_74' title='bbox 406 666 450 697; x_wconf 90' lang='lat' dir='ltr'>ut</span> <span class='ocrx_word' id='word_1_75' title='bbox 479 671 561 707; x_wconf 90' lang='lat' dir='ltr'>sua,</span> <span class='ocrx_word' id='word_1_76' title='bbox 590 657 809 710; x_wconf 77' lang='lat' dir='ltr'>possedisse,</span> <span class='ocrx_word' id='word_1_77' title='bbox 838 657 917 705; x_wconf 91' lang='lat' dir='ltr'>sed,</span> <span class='ocrx_word' id='word_1_78' title='bbox 946 663 992 694; x_wconf 91' lang='lat' dir='ltr'>ut</span> <span class='ocrx_word' id='word_1_79' title='bbox 1020 657 1156 706; x_wconf 87' lang='lat' dir='ltr'>aliena,</span> <span class='ocrx_word' id='word_1_80' title='bbox 1185 658 1335 697; x_wconf 69' lang='lat' dir='ltr'>libasse.</span> 
     </span>
     <span class='ocr_line' id='line_1_12' title="bbox 221 710 1337 763; baseline -0.001 -12"><span class='ocrx_word' id='word_1_81' title='bbox 221 712 362 751; x_wconf 84' lang='lat' dir='ltr'>Fateor</span> <span class='ocrx_word' id='word_1_82' title='bbox 380 713 496 762; x_wconf 87' lang='lat' dir='ltr'>enim,</span> <span class='ocrx_word' id='word_1_83' title='bbox 526 712 708 751; x_wconf 89' lang='lat' dir='ltr'>callidum</span> <span class='ocrx_word' id='word_1_84' title='bbox 726 710 932 763; x_wconf 84' lang='lat' dir='ltr'><strong>quemdam</strong></span> <span class='ocrx_word' id='word_1_85' title='bbox 959 710 1076 760; x_wconf 89' lang='lat' dir='ltr'>hunc,</span> <span class='ocrx_word' id='word_1_86' title='bbox 1097 718 1134 749; x_wconf 91' lang='lat' dir='ltr'>et</span> <span class='ocrx_word' id='word_1_87' title='bbox 1160 711 1270 750; x_wconf 70' lang='lat' dir='ltr'>nulla</span> <span class='ocrx_word' id='word_1_88' title='bbox 1296 711 1337 750; x_wconf 92' lang='lat' dir='ltr'>in</span> 
     </span>
     <span class='ocr_line' id='line_1_13' title="bbox 222 764 1338 817; baseline -0.001 -12"><span class='ocrx_word' id='word_1_89' title='bbox 222 779 264 805; x_wconf 88' lang='lat' dir='ltr'>re</span> <span class='ocrx_word' id='word_1_90' title='bbox 278 766 440 805; x_wconf 89' lang='lat' dir='ltr'>tironem</span> <span class='ocrx_word' id='word_1_91' title='bbox 458 779 502 805; x_wconf 91' lang='lat' dir='ltr'>ac</span> <span class='ocrx_word' id='word_1_92' title='bbox 519 766 668 815; x_wconf 90' lang='lat' dir='ltr'>rudem,</span> <span class='ocrx_word' id='word_1_93' title='bbox 684 778 753 804; x_wconf 90' lang='lat' dir='ltr'>nec</span> <span class='ocrx_word' id='word_1_94' title='bbox 765 764 1008 817; x_wconf 79' lang='lat' dir='ltr'>peregrinum</span> <span class='ocrx_word' id='word_1_95' title='bbox 1022 772 1136 817; x_wconf 84' lang='lat' dir='ltr'>atque</span> <span class='ocrx_word' id='word_1_96' title='bbox 1149 764 1338 817; x_wconf 87' lang='lat' dir='ltr'>hospitem</span> 
     </span>
     <span class='ocr_line' id='line_1_14' title="bbox 223 820 709 871; baseline -0.002 -13"><span class='ocrx_word' id='word_1_97' title='bbox 223 821 265 858; x_wconf 93' lang='lat' dir='ltr'>in</span> <span class='ocrx_word' id='word_1_98' title='bbox 283 821 444 871; x_wconf 86' lang='lat' dir='ltr'>agendo,</span> <span class='ocrx_word' id='word_1_99' title='bbox 466 833 544 859; x_wconf 90' lang='lat' dir='ltr'>esse</span> <span class='ocrx_word' id='word_1_100' title='bbox 562 820 709 859; x_wconf 86' lang='lat' dir='ltr'>debere.</span> 
     </span>
    </p>

    <p class='ocr_par' dir='ltr' id='par_1_3' title="bbox 222 871 1346 2213">
     <span class='ocr_line' id='line_1_15' title="bbox 278 871 1341 925; baseline 0.001 -14"><span class='ocrx_word' id='word_1_101' title='bbox 278 874 352 912; x_wconf 88' lang='lat' dir='ltr'>LI.</span> <span class='ocrx_word' id='word_1_102' title='bbox 381 875 522 925; x_wconf 89' lang='lat' dir='ltr'>Neque</span> <span class='ocrx_word' id='word_1_103' title='bbox 553 887 641 913; x_wconf 84' lang='lat' dir='ltr'>vero</span> <span class='ocrx_word' id='word_1_104' title='bbox 671 873 753 912; x_wconf 88' lang='lat' dir='ltr'>istis</span> <span class='ocrx_word' id='word_1_105' title='bbox 778 871 967 923; x_wconf 88' lang='lat' dir='ltr'>tragoediis</span> <span class='ocrx_word' id='word_1_106' title='bbox 994 871 1083 921; x_wconf 89' lang='lat' dir='ltr'>tuis,</span> <span class='ocrx_word' id='word_1_107' title='bbox 1115 872 1254 923; x_wconf 91' lang='lat' dir='ltr'>quibus</span> <span class='ocrx_word' id='word_1_108' title='bbox 1281 873 1341 912; x_wconf 92' lang='lat' dir='ltr'>uti</span> 
     </span>
     <span class='ocr_line' id='line_1_16' title="bbox 222 927 1342 989; baseline -0.001 -23"><span class='ocrx_word' id='word_1_109' title='bbox 222 927 440 989; x_wconf 88' lang='lat' dir='ltr'>philosophi</span> <span class='ocrx_word' id='word_1_110' title='bbox 457 928 626 966; x_wconf 85' lang='lat' dir='ltr'>maxime</span> <span class='ocrx_word' id='word_1_111' title='bbox 652 928 787 975; x_wconf 82' lang='lat' dir='ltr'>solent,</span> <span class='ocrx_word' id='word_1_112' title='bbox 819 927 965 975; x_wconf 82' lang='lat' dir='ltr'>Crasse,</span> <span class='ocrx_word' id='word_1_113' title='bbox 995 928 1208 988; x_wconf 82' lang='lat' dir='ltr'>perturbor,</span> <span class='ocrx_word' id='word_1_114' title='bbox 1237 927 1342 978; x_wconf 90' lang='lat' dir='ltr'>quod</span> 
     </span>
     <span class='ocr_line' id='line_1_17' title="bbox 225 981 1341 1032; baseline 0 -13"><span class='ocrx_word' id='word_1_115' title='bbox 225 982 298 1020; x_wconf 89' lang='lat' dir='ltr'>ista</span> <span class='ocrx_word' id='word_1_116' title='bbox 316 981 460 1029; x_wconf 79' lang='lat' dir='ltr'>dixisti,</span> <span class='ocrx_word' id='word_1_117' title='bbox 480 981 673 1020; x_wconf 88' lang='lat' dir='ltr'>neminem</span> <span class='ocrx_word' id='word_1_118' title='bbox 691 993 799 1032; x_wconf 90' lang='lat' dir='ltr'>posse</span> <span class='ocrx_word' id='word_1_119' title='bbox 814 992 945 1018; x_wconf 89' lang='lat' dir='ltr'>eorum</span> <span class='ocrx_word' id='word_1_120' title='bbox 962 987 1122 1028; x_wconf 86' lang='lat' dir='ltr'>mentes,</span> <span class='ocrx_word' id='word_1_121' title='bbox 1142 981 1210 1032; x_wconf 92' lang='lat' dir='ltr'>qui</span> <span class='ocrx_word' id='word_1_122' title='bbox 1230 981 1341 1019; x_wconf 87' lang='lat' dir='ltr'>audi-</span> 
     </span>
     <span class='ocr_line' id='line_1_18' title="bbox 224 1033 1342 1094; baseline -0.002 -20"><span class='ocrx_word' id='word_1_123' title='bbox 224 1042 324 1083; x_wconf 88' lang='lat' dir='ltr'>rent,</span> <span class='ocrx_word' id='word_1_124' title='bbox 355 1043 422 1073; x_wconf 88' lang='lat' dir='ltr'>aut</span> <span class='ocrx_word' id='word_1_125' title='bbox 439 1035 678 1073; x_wconf 88' lang='lat' dir='ltr'>inflammare</span> <span class='ocrx_word' id='word_1_126' title='bbox 705 1034 877 1094; x_wconf 78' lang='lat' dir='ltr'>dicendo,</span> <span class='ocrx_word' id='word_1_127' title='bbox 906 1040 974 1071; x_wconf 88' lang='lat' dir='ltr'>aut</span> <span class='ocrx_word' id='word_1_128' title='bbox 999 1033 1255 1072; x_wconf 87' lang='lat' dir='ltr'>inflammatas</span> <span class='ocrx_word' id='word_1_129' title='bbox 1283 1047 1342 1073; x_wconf 89' lang='lat' dir='ltr'>re-</span> 
     </span>
     <span class='ocr_line' id='line_1_19' title="bbox 226 1087 1344 1140; baseline 0 -13"><span class='ocrx_word' id='word_1_130' title='bbox 226 1089 417 1139; x_wconf 85' lang='lat' dir='ltr'>stinguere</span> <span class='ocrx_word' id='word_1_131' title='bbox 436 1091 542 1133; x_wconf 86' lang='lat' dir='ltr'>(cum</span> <span class='ocrx_word' id='word_1_132' title='bbox 561 1101 605 1126; x_wconf 92' lang='lat' dir='ltr'>eo</span> <span class='ocrx_word' id='word_1_133' title='bbox 622 1088 791 1126; x_wconf 83' lang='lat' dir='ltr'>maxime</span> <span class='ocrx_word' id='word_1_134' title='bbox 804 1087 860 1125; x_wconf 86' lang='lat' dir='ltr'>vis</span> <span class='ocrx_word' id='word_1_135' title='bbox 874 1087 1029 1125; x_wconf 83' lang='lat' dir='ltr'>oratoris</span> <span class='ocrx_word' id='word_1_136' title='bbox 1042 1088 1344 1140; x_wconf 86' lang='lat' dir='ltr'>magnitudoque</span> 
     </span>
     <span class='ocr_line' id='line_1_20' title="bbox 227 1140 1343 1193; baseline 0.001 -13"><span class='ocrx_word' id='word_1_137' title='bbox 227 1149 434 1191; x_wconf 86' lang='lat' dir='ltr'>cernatur),</span> <span class='ocrx_word' id='word_1_138' title='bbox 465 1142 539 1183; x_wconf 85' lang='lat' dir='ltr'>nisi</span> <span class='ocrx_word' id='word_1_139' title='bbox 558 1142 625 1193; x_wconf 92' lang='lat' dir='ltr'>qui</span> <span class='ocrx_word' id='word_1_140' title='bbox 651 1154 780 1179; x_wconf 87' lang='lat' dir='ltr'>rerum</span> <span class='ocrx_word' id='word_1_141' title='bbox 798 1140 972 1179; x_wconf 87' lang='lat' dir='ltr'>omnium</span> <span class='ocrx_word' id='word_1_142' title='bbox 999 1148 1190 1190; x_wconf 88' lang='lat' dir='ltr'>naturam,</span> <span class='ocrx_word' id='word_1_143' title='bbox 1217 1154 1343 1181; x_wconf 90' lang='lat' dir='ltr'>mores</span> 
     </span>
     <span class='ocr_line' id='line_1_21' title="bbox 227 1194 1342 1255; baseline 0 -21"><span class='ocrx_word' id='word_1_144' title='bbox 227 1195 432 1235; x_wconf 89' lang='lat' dir='ltr'>hominum</span> <span class='ocrx_word' id='word_1_145' title='bbox 464 1202 578 1247; x_wconf 91' lang='lat' dir='ltr'>atque</span> <span class='ocrx_word' id='word_1_146' title='bbox 613 1195 789 1243; x_wconf 88' lang='lat' dir='ltr'>rationes,</span> <span class='ocrx_word' id='word_1_147' title='bbox 823 1194 974 1245; x_wconf 86' lang='lat' dir='ltr'>penitus</span> <span class='ocrx_word' id='word_1_148' title='bbox 1004 1195 1238 1255; x_wconf 84' lang='lat' dir='ltr'>perspexerit</span> <span class='ocrx_word' id='word_1_149' title='bbox 1254 1210 1265 1234; x_wconf 89' lang='lat'>:</span> <span class='ocrx_word' id='word_1_150' title='bbox 1300 1196 1342 1234; x_wconf 89' lang='grc'>111</span> 
     </span>
     <span class='ocr_line' id='line_1_22' title="bbox 228 1248 1341 1310; baseline 0 -22"><span class='ocrx_word' id='word_1_151' title='bbox 228 1263 306 1302; x_wconf 92' lang='lat' dir='ltr'>quo</span> <span class='ocrx_word' id='word_1_152' title='bbox 333 1249 573 1300; x_wconf 89' lang='lat' dir='ltr'>philosophia</span> <span class='ocrx_word' id='word_1_153' title='bbox 601 1248 649 1286; x_wconf 85' lang='lat' dir='ltr'>sit</span> <span class='ocrx_word' id='word_1_154' title='bbox 675 1248 814 1286; x_wconf 87' lang='lat' dir='ltr'>oratori</span> <span class='ocrx_word' id='word_1_155' title='bbox 840 1248 1044 1286; x_wconf 80' lang='lat' dir='ltr'>necessario</span> <span class='ocrx_word' id='word_1_156' title='bbox 1071 1249 1340 1310; x_wconf 84' lang='lat' dir='ltr'>percipienda·</span> <span class='ocrx_word' id='word_1_157' title='bbox 1328 1279 1341 1296; x_wconf 93' lang='lat'><strong>‚</strong></span> 
     </span>
     <span class='ocr_line' id='line_1_23' title="bbox 227 1302 1345 1365; baseline 0 -23"><span class='ocrx_word' id='word_1_158' title='bbox 227 1317 306 1356; x_wconf 93' lang='lat' dir='ltr'>quo</span> <span class='ocrx_word' id='word_1_159' title='bbox 333 1304 374 1341; x_wconf 92' lang='lat' dir='ltr'>in</span> <span class='ocrx_word' id='word_1_160' title='bbox 398 1303 524 1341; x_wconf 88' lang='lat' dir='ltr'>studio</span> <span class='ocrx_word' id='word_1_161' title='bbox 549 1302 753 1340; x_wconf 89' lang='lat' dir='ltr'>hominum</span> <span class='ocrx_word' id='word_1_162' title='bbox 779 1314 931 1353; x_wconf 87' lang='lat' dir='ltr'>quoque</span> <span class='ocrx_word' id='word_1_163' title='bbox 957 1302 1345 1365; x_wconf 80' lang='lat' dir='ltr'>ingeniosissimorum</span> 
     </span>
     <span class='ocr_line' id='line_1_24' title="bbox 225 1354 1345 1408; baseline -0.002 -11"><span class='ocrx_word' id='word_1_164' title='bbox 225 1357 615 1408; x_wconf 85' lang='lat' dir='ltr'>otiosissimorumque</span> <span class='ocrx_word' id='word_1_165' title='bbox 644 1362 740 1394; x_wconf 85' lang='lat' dir='ltr'>totas</span> <span class='ocrx_word' id='word_1_166' title='bbox 766 1362 892 1393; x_wconf 88' lang='lat' dir='ltr'>aetates</span> <span class='ocrx_word' id='word_1_167' title='bbox 910 1354 1082 1394; x_wconf 87' lang='lat' dir='ltr'>videmus</span> <span class='ocrx_word' id='word_1_168' title='bbox 1111 1369 1188 1395; x_wconf 87' lang='lat' dir='ltr'>esse</span> <span class='ocrx_word' id='word_1_169' title='bbox 1206 1357 1345 1396; x_wconf 89' lang='lat' dir='ltr'>contri-</span> 
     </span>
     <span class='ocr_line' id='line_1_25' title="bbox 227 1409 1346 1462; baseline 0 -12"><span class='ocrx_word' id='word_1_170' title='bbox 227 1418 309 1450; x_wconf 85' lang='lat' dir='ltr'>tas·</span> <span class='ocrx_word' id='word_1_171' title='bbox 331 1422 496 1462; x_wconf 89' lang='lat' dir='ltr'>quorum</span> <span class='ocrx_word' id='word_1_172' title='bbox 510 1423 580 1461; x_wconf 92' lang='lat' dir='ltr'>ego</span> <span class='ocrx_word' id='word_1_173' title='bbox 598 1409 746 1461; x_wconf 87' lang='lat' dir='ltr'>copiam</span> <span class='ocrx_word' id='word_1_174' title='bbox 764 1409 1145 1461; x_wconf 86' lang='lat' dir='ltr'>magnitudinemque</span> <span class='ocrx_word' id='word_1_175' title='bbox 1162 1411 1346 1462; x_wconf 85' lang='lat' dir='ltr'>cognitio-</span> 
     </span>
     <span class='ocr_line' id='line_1_26' title="bbox 227 1462 1344 1516; baseline -0.001 -12"><span class='ocrx_word' id='word_1_176' title='bbox 227 1465 288 1505; x_wconf 90' lang='lat' dir='ltr'>nis</span> <span class='ocrx_word' id='word_1_177' title='bbox 306 1473 420 1516; x_wconf 86' lang='lat' dir='ltr'>atque</span> <span class='ocrx_word' id='word_1_178' title='bbox 447 1464 537 1502; x_wconf 87' lang='lat' dir='ltr'>artis</span> <span class='ocrx_word' id='word_1_179' title='bbox 555 1476 633 1502; x_wconf 91' lang='lat' dir='ltr'>non</span> <span class='ocrx_word' id='word_1_180' title='bbox 650 1462 765 1501; x_wconf 88' lang='lat' dir='ltr'>modo</span> <span class='ocrx_word' id='word_1_181' title='bbox 794 1476 872 1501; x_wconf 90' lang='lat' dir='ltr'>non</span> <span class='ocrx_word' id='word_1_182' title='bbox 899 1470 1113 1513; x_wconf 86' lang='lat' dir='ltr'>contemno,</span> <span class='ocrx_word' id='word_1_183' title='bbox 1145 1464 1210 1503; x_wconf 89' lang='lat' dir='ltr'>sed</span> <span class='ocrx_word' id='word_1_184' title='bbox 1229 1465 1344 1503; x_wconf 86' lang='lat' dir='ltr'>etiam</span> 
     </span>
     <span class='ocr_line' id='line_1_27' title="bbox 228 1517 1344 1569; baseline -0.001 -11"><span class='ocrx_word' id='word_1_185' title='bbox 228 1519 470 1558; x_wconf 87' lang='lat' dir='ltr'>vehementer</span> <span class='ocrx_word' id='word_1_186' title='bbox 484 1517 672 1555; x_wconf 87' lang='lat' dir='ltr'>admiror:</span> <span class='ocrx_word' id='word_1_187' title='bbox 694 1517 802 1555; x_wconf 91' lang='lat' dir='ltr'>nobis</span> <span class='ocrx_word' id='word_1_188' title='bbox 817 1523 959 1565; x_wconf 86' lang='lat' dir='ltr'>tamen,</span> <span class='ocrx_word' id='word_1_189' title='bbox 976 1517 1043 1568; x_wconf 87' lang='lat' dir='ltr'>qui</span> <span class='ocrx_word' id='word_1_190' title='bbox 1055 1517 1096 1555; x_wconf 88' lang='lat' dir='ltr'>in</span> <span class='ocrx_word' id='word_1_191' title='bbox 1114 1517 1187 1556; x_wconf 90' lang='lat' dir='ltr'>hoc</span> <span class='ocrx_word' id='word_1_192' title='bbox 1199 1519 1344 1569; x_wconf 90' lang='lat' dir='ltr'>populo</span> 
     </span>
     <span class='ocr_line' id='line_1_28' title="bbox 228 1571 1343 1623; baseline 0 -12"><span class='ocrx_word' id='word_1_193' title='bbox 228 1573 387 1623; x_wconf 85' lang='lat' dir='ltr'>foroque</span> <span class='ocrx_word' id='word_1_194' title='bbox 411 1584 618 1620; x_wconf 84' lang='lat' dir='ltr'>versamur,</span> <span class='ocrx_word' id='word_1_195' title='bbox 639 1571 728 1609; x_wconf 84' lang='lat' dir='ltr'>satis</span> <span class='ocrx_word' id='word_1_196' title='bbox 747 1579 802 1610; x_wconf 91' lang='lat' dir='ltr'>est</span> <span class='ocrx_word' id='word_1_197' title='bbox 816 1584 860 1608; x_wconf 88' lang='lat' dir='ltr'>ea</span> <span class='ocrx_word' id='word_1_198' title='bbox 877 1571 924 1608; x_wconf 91' lang='lat' dir='ltr'>de</span> <span class='ocrx_word' id='word_1_199' title='bbox 942 1571 1112 1609; x_wconf 86' lang='lat' dir='ltr'>moribus</span> <span class='ocrx_word' id='word_1_200' title='bbox 1139 1571 1343 1611; x_wconf 86' lang='lat' dir='ltr'>hominum</span> 
     </span>
     <span class='ocr_line' id='line_1_29' title="bbox 229 1625 1345 1685; baseline -0.001 -20"><span class='ocrx_word' id='word_1_201' title='bbox 229 1633 268 1665; x_wconf 86' lang='lat' dir='ltr'>et</span> <span class='ocrx_word' id='word_1_202' title='bbox 287 1626 379 1664; x_wconf 88' lang='lat' dir='ltr'>scire</span> <span class='ocrx_word' id='word_1_203' title='bbox 397 1632 434 1663; x_wconf 91' lang='lat' dir='ltr'>et</span> <span class='ocrx_word' id='word_1_204' title='bbox 451 1625 587 1673; x_wconf 90' lang='lat' dir='ltr'>dicere,</span> <span class='ocrx_word' id='word_1_205' title='bbox 617 1638 702 1685; x_wconf 65' lang='lat' dir='ltr'>quae</span> <span class='ocrx_word' id='word_1_206' title='bbox 729 1636 807 1662; x_wconf 91' lang='lat' dir='ltr'>non</span> <span class='ocrx_word' id='word_1_207' title='bbox 835 1625 1038 1663; x_wconf 88' lang='lat' dir='ltr'>abhorrent</span> <span class='ocrx_word' id='word_1_208' title='bbox 1066 1626 1114 1663; x_wconf 88' lang='lat' dir='ltr'>ab</span> <span class='ocrx_word' id='word_1_209' title='bbox 1140 1625 1345 1664; x_wconf 85' lang='lat' dir='ltr'>hominurn</span> 
     </span>
     <span class='ocr_line' id='line_1_30' title="bbox 228 1677 1344 1730; baseline 0.001 -12"><span class='ocrx_word' id='word_1_210' title='bbox 228 1679 412 1719; x_wconf 78' lang='lat' dir='ltr'>moribus,</span> <span class='ocrx_word' id='word_1_211' title='bbox 481 1677 581 1726; x_wconf 86' lang='lat' dir='ltr'>Quis</span> <span class='ocrx_word' id='word_1_212' title='bbox 622 1678 726 1716; x_wconf 87' lang='grc'><strong>8111111</strong></span> <span class='ocrx_word' id='word_1_213' title='bbox 756 1690 930 1729; x_wconf 88' lang='lat' dir='ltr'>unquam</span> <span class='ocrx_word' id='word_1_214' title='bbox 964 1685 1089 1717; x_wconf 87' lang='lat' dir='ltr'>orator</span> <span class='ocrx_word' id='word_1_215' title='bbox 1115 1691 1279 1730; x_wconf 88' lang='lat' dir='ltr'>magnus</span> <span class='ocrx_word' id='word_1_216' title='bbox 1306 1687 1344 1719; x_wconf 86' lang='lat' dir='ltr'>et</span> 
     </span>
     <span class='ocr_line' id='line_1_31' title="bbox 229 1731 1341 1786; baseline 0.001 -15"><span class='ocrx_word' id='word_1_217' title='bbox 229 1733 367 1786; x_wconf 88' lang='lat' dir='ltr'>gravis,</span> <span class='ocrx_word' id='word_1_218' title='bbox 397 1744 486 1770; x_wconf 92' lang='lat' dir='ltr'>cum</span> <span class='ocrx_word' id='word_1_219' title='bbox 504 1732 644 1769; x_wconf 84' lang='lat' dir='ltr'>iratum</span> <span class='ocrx_word' id='word_1_220' title='bbox 663 1731 873 1770; x_wconf 89' lang='lat' dir='ltr'>adversario</span> <span class='ocrx_word' id='word_1_221' title='bbox 887 1731 1056 1780; x_wconf 78' lang='lat' dir='ltr'>judicem</span> <span class='ocrx_word' id='word_1_222' title='bbox 1074 1732 1196 1770; x_wconf 87' lang='lat' dir='ltr'>facere</span> <span class='ocrx_word' id='word_1_223' title='bbox 1214 1733 1341 1783; x_wconf 89' lang='lat' dir='ltr'>vellet,</span> 
     </span>
     <span class='ocr_line' id='line_1_32' title="bbox 227 1784 1343 1837; baseline 0.001 -12"><span class='ocrx_word' id='word_1_224' title='bbox 227 1785 416 1825; x_wconf 67' lang='lat' dir='ltr'>haesitavit</span> <span class='ocrx_word' id='word_1_225' title='bbox 433 1787 482 1823; x_wconf 88' lang='lat' dir='ltr'>ob</span> <span class='ocrx_word' id='word_1_226' title='bbox 501 1797 586 1823; x_wconf 89' lang='lat' dir='ltr'>eam</span> <span class='ocrx_word' id='word_1_227' title='bbox 604 1797 771 1833; x_wconf 84' lang='lat' dir='ltr'>causam,</span> <span class='ocrx_word' id='word_1_228' title='bbox 802 1784 905 1836; x_wconf 86' lang='lat' dir='ltr'>quod</span> <span class='ocrx_word' id='word_1_229' title='bbox 923 1785 1095 1834; x_wconf 77' lang='lat' dir='ltr'>nesciret,</span> <span class='ocrx_word' id='word_1_230' title='bbox 1125 1786 1220 1837; x_wconf 84' lang='lat' dir='ltr'>quid</span> <span class='ocrx_word' id='word_1_231' title='bbox 1247 1795 1343 1826; x_wconf 84' lang='lat' dir='ltr'>esset</span> 
     </span>
     <span class='ocr_line' id='line_1_33' title="bbox 225 1838 1344 1890; baseline 0 -11"><span class='ocrx_word' id='word_1_232' title='bbox 225 1839 435 1887; x_wconf 85' lang='lat' dir='ltr'>iracundia,</span> <span class='ocrx_word' id='word_1_233' title='bbox 451 1839 623 1877; x_wconf 87' lang='lat' dir='ltr'>fervorne</span> <span class='ocrx_word' id='word_1_234' title='bbox 636 1838 788 1886; x_wconf 89' lang='lat' dir='ltr'>mentis,</span> <span class='ocrx_word' id='word_1_235' title='bbox 808 1851 857 1876; x_wconf 83' lang='lat' dir='ltr'>an</span> <span class='ocrx_word' id='word_1_236' title='bbox 876 1838 1061 1889; x_wconf 89' lang='lat' dir='ltr'>cupiditas</span> <span class='ocrx_word' id='word_1_237' title='bbox 1077 1839 1262 1890; x_wconf 87' lang='lat' dir='ltr'>puniendi</span> <span class='ocrx_word' id='word_1_238' title='bbox 1276 1841 1344 1879; x_wconf 87' lang='lat' dir='ltr'>do-</span> 
     </span>
     <span class='ocr_line' id='line_1_34' title="bbox 226 1892 1346 1944; baseline -0.004 -12"><span class='ocrx_word' id='word_1_239' title='bbox 226 1894 316 1933; x_wconf 86' lang='lat' dir='ltr'>loris</span> <span class='ocrx_word' id='word_1_240' title='bbox 331 1896 347 1932; x_wconf 65' lang='grc'>.9</span> <span class='ocrx_word' id='word_1_241' title='bbox 377 1892 490 1941; x_wconf 86' lang='lat' dir='ltr'>Quis,</span> <span class='ocrx_word' id='word_1_242' title='bbox 506 1905 594 1930; x_wconf 87' lang='grc'><strong>811111</strong></span> <span class='ocrx_word' id='word_1_243' title='bbox 614 1899 763 1930; x_wconf 85' lang='lat' dir='ltr'>caeteros</span> <span class='ocrx_word' id='word_1_244' title='bbox 781 1892 996 1929; x_wconf 87' lang='lat' dir='ltr'>animorum</span> <span class='ocrx_word' id='word_1_245' title='bbox 1015 1900 1141 1930; x_wconf 91' lang='lat' dir='ltr'>motus</span> <span class='ocrx_word' id='word_1_246' title='bbox 1159 1901 1225 1932; x_wconf 85' lang='lat' dir='ltr'>aut</span> <span class='ocrx_word' id='word_1_247' title='bbox 1240 1894 1346 1944; x_wconf 86' lang='lat' dir='ltr'>judi.</span> 
     </span>
     <span class='ocr_line' id='line_1_35' title="bbox 228 1945 1346 1997; baseline -0.004 -11"><span class='ocrx_word' id='word_1_248' title='bbox 228 1948 335 1987; x_wconf 91' lang='lat' dir='ltr'>cibus</span> <span class='ocrx_word' id='word_1_249' title='bbox 363 1954 430 1984; x_wconf 85' lang='lat' dir='ltr'>aut</span> <span class='ocrx_word' id='word_1_250' title='bbox 455 1946 598 1996; x_wconf 91' lang='lat' dir='ltr'>populo</span> <span class='ocrx_word' id='word_1_251' title='bbox 626 1945 782 1984; x_wconf 88' lang='lat' dir='ltr'>dicendo</span> <span class='ocrx_word' id='word_1_252' title='bbox 800 1945 956 1984; x_wconf 86' lang='lat' dir='ltr'>miscere</span> <span class='ocrx_word' id='word_1_253' title='bbox 973 1952 1087 1996; x_wconf 88' lang='lat' dir='ltr'>atque</span> <span class='ocrx_word' id='word_1_254' title='bbox 1105 1947 1248 1997; x_wconf 78' lang='lat' dir='ltr'>agitare</span> <span class='ocrx_word' id='word_1_255' title='bbox 1266 1949 1346 1986; x_wconf 84' lang='lat' dir='ltr'>vel.</span> 
     </span>
     <span class='ocr_line' id='line_1_36' title="bbox 226 1999 1343 2052; baseline -0.001 -12"><span class='ocrx_word' id='word_1_256' title='bbox 226 2002 293 2051; x_wconf 89' lang='lat' dir='ltr'>let,</span> <span class='ocrx_word' id='word_1_257' title='bbox 316 2013 359 2039; x_wconf 88' lang='lat' dir='ltr'>ea</span> <span class='ocrx_word' id='word_1_258' title='bbox 377 1999 487 2048; x_wconf 81' lang='lat' dir='ltr'>dixit,</span> <span class='ocrx_word' id='word_1_259' title='bbox 508 2013 594 2050; x_wconf 88' lang='lat' dir='ltr'>quae</span> <span class='ocrx_word' id='word_1_260' title='bbox 608 2012 631 2036; x_wconf 89' lang='lat' dir='ltr'>a</span> <span class='ocrx_word' id='word_1_261' title='bbox 643 1999 877 2050; x_wconf 88' lang='lat' dir='ltr'>philosophis</span> <span class='ocrx_word' id='word_1_262' title='bbox 896 1999 969 2037; x_wconf 89' lang='lat' dir='ltr'>dici</span> <span class='ocrx_word' id='word_1_263' title='bbox 988 2000 1140 2038; x_wconf 82' lang='lat' dir='ltr'>solent?</span> <span class='ocrx_word' id='word_1_264' title='bbox 1169 2000 1236 2052; x_wconf 92' lang='lat' dir='ltr'>qui</span> <span class='ocrx_word' id='word_1_265' title='bbox 1253 2014 1343 2052; x_wconf 87' lang='lat' dir='ltr'>par-</span> 
     </span>
     <span class='ocr_line' id='line_1_37' title="bbox 226 2053 1342 2104; baseline 0.001 -11"><span class='ocrx_word' id='word_1_266' title='bbox 226 2056 298 2093; x_wconf 88' lang='lat' dir='ltr'>tim</span> <span class='ocrx_word' id='word_1_267' title='bbox 322 2053 478 2093; x_wconf 87' lang='lat' dir='ltr'>omnino</span> <span class='ocrx_word' id='word_1_268' title='bbox 506 2060 633 2091; x_wconf 86' lang='lat' dir='ltr'>motus</span> <span class='ocrx_word' id='word_1_269' title='bbox 665 2060 805 2104; x_wconf 87' lang='lat' dir='ltr'>negant</span> <span class='ocrx_word' id='word_1_270' title='bbox 834 2053 874 2090; x_wconf 85' lang='lat' dir='ltr'>in</span> <span class='ocrx_word' id='word_1_271' title='bbox 901 2053 1038 2092; x_wconf 82' lang='lat' dir='ltr'>animis</span> <span class='ocrx_word' id='word_1_272' title='bbox 1063 2054 1161 2092; x_wconf 89' lang='lat' dir='ltr'>ullos</span> <span class='ocrx_word' id='word_1_273' title='bbox 1179 2067 1257 2093; x_wconf 90' lang='lat' dir='ltr'>esse</span> <span class='ocrx_word' id='word_1_274' title='bbox 1274 2054 1342 2094; x_wconf 56' lang='lat' dir='ltr'>de,</span> 
     </span>
     <span class='ocr_line' id='line_1_38' title="bbox 226 2106 1341 2158; baseline 0 -10"><span class='ocrx_word' id='word_1_275' title='bbox 226 2110 328 2157; x_wconf 87' lang='lat' dir='ltr'>bere,</span> <span class='ocrx_word' id='word_1_276' title='bbox 349 2107 492 2158; x_wconf 90' lang='lat' dir='ltr'>quique</span> <span class='ocrx_word' id='word_1_277' title='bbox 510 2119 572 2145; x_wconf 80' lang='lat' dir='ltr'>eos</span> <span class='ocrx_word' id='word_1_278' title='bbox 589 2106 630 2144; x_wconf 89' lang='lat' dir='ltr'>in</span> <span class='ocrx_word' id='word_1_279' title='bbox 641 2106 816 2156; x_wconf 83' lang='lat' dir='ltr'>judicum</span> <span class='ocrx_word' id='word_1_280' title='bbox 834 2106 1026 2146; x_wconf 85' lang='lat' dir='ltr'>mentibus</span> <span class='ocrx_word' id='word_1_281' title='bbox 1044 2107 1245 2155; x_wconf 86' lang='lat' dir='ltr'>concitent,</span> <span class='ocrx_word' id='word_1_282' title='bbox 1262 2121 1341 2148; x_wconf 86' lang='lat' dir='ltr'>sce-</span> 
     </span>
     <span class='ocr_line' id='line_1_39' title="bbox 225 2160 1341 2218; baseline 0 -17"><span class='ocrx_word' id='word_1_283' title='bbox 225 2163 287 2208; x_wconf 83' lang='grc'><strong>1113</strong></span> <span class='ocrx_word' id='word_1_284' title='bbox 317 2174 378 2202; x_wconf 84' lang='grc'>803</span> <span class='ocrx_word' id='word_1_285' title='bbox 407 2160 596 2201; x_wconf 83' lang='lat' dir='ltr'>nefarium</span> <span class='ocrx_word' id='word_1_286' title='bbox 622 2160 767 2201; x_wconf 85' lang='lat' dir='ltr'>facere·</span> <span class='ocrx_word' id='word_1_287' title='bbox 755 2189 767 2208; x_wconf 89' lang='lat'>‚</span> <span class='ocrx_word' id='word_1_288' title='bbox 802 2161 956 2212; x_wconf 81' lang='lat' dir='ltr'>partim,</span> <span class='ocrx_word' id='word_1_289' title='bbox 987 2161 1055 2213; x_wconf 86' lang='lat' dir='ltr'>qui</span> <span class='ocrx_word' id='word_1_290' title='bbox 1075 2161 1341 2218; x_wconf 79' lang='lat' dir='ltr'>tolerabiliores</span> 
     </span>
    </p>
   </div>
  </div>
 </body>
</html>
