<?xml version="1.0" encoding="UTF-8"?>
<!DOCTYPE html PUBLIC "-//W3C//DTD XHTML 1.0 Transitional//EN"
    "http://www.w3.org/TR/xhtml1/DTD/xhtml1-transitional.dtd">
<html xmlns="http://www.w3.org/1999/xhtml" xml:lang="en" lang="en">
 <head>
  <title>
</title>
<meta http-equiv="Content-Type" content="text/html;charset=utf-8" />
  <meta name='ocr-system' content='tesseract 3.04.00' />
  <meta name='ocr-capabilities' content='ocr_page ocr_carea ocr_par ocr_line ocrx_word'/>
</head>
<body>
  <div class='ocr_page' id='page_1' title='image "./operaern01ciceuoft_0156.png"; bbox 0 0 1429 2344; ppageno 0'>
   <div class='ocr_carea' id='block_1_1' title="bbox 144 52 1101 102">
    <p class='ocr_par' dir='ltr' id='par_1_1' title="bbox 144 52 1101 102">
     <span class='ocr_line' id='line_1_1' title="bbox 144 52 1101 102; baseline 0.001 -10"><span class='ocrx_word' id='word_1_1' title='bbox 144 55 220 93; x_wconf 82' lang='lat'>138</span> <span class='ocrx_word' id='word_1_2' title='bbox 293 52 371 92; x_wconf 88' lang='lat' dir='ltr'>DE</span> <span class='ocrx_word' id='word_1_3' title='bbox 401 53 698 102; x_wconf 79' lang='lat' dir='ltr'>ORATORE,</span> <span class='ocrx_word' id='word_1_4' title='bbox 730 54 828 93; x_wconf 71' lang='lat'>11113.</span> <span class='ocrx_word' id='word_1_5' title='bbox 850 55 883 94; x_wconf 89' lang='grc' dir='ltr'>Ι.</span> <span class='ocrx_word' id='word_1_6' title='bbox 915 55 1018 95; x_wconf 73' lang='grc' dir='ltr'><strong>ΟΑΡ.</strong></span> <span class='ocrx_word' id='word_1_7' title='bbox 1041 56 1101 94; x_wconf 86' lang='grc'>15.</span> 
     </span>
    </p>
   </div>
   <div class='ocr_carea' id='block_1_2' title="bbox 132 161 1251 2201">
    <p class='ocr_par' dir='ltr' id='par_1_2' title="bbox 132 161 1251 2201">
     <span class='ocr_line' id='line_1_2' title="bbox 135 161 1246 214; baseline 0.002 -14"><span class='ocrx_word' id='word_1_8' title='bbox 135 161 184 199; x_wconf 86' lang='lat' dir='ltr'>ad</span> <span class='ocrx_word' id='word_1_9' title='bbox 199 174 328 200; x_wconf 85' lang='lat' dir='ltr'>sensus</span> <span class='ocrx_word' id='word_1_10' title='bbox 346 163 561 200; x_wconf 85' lang='lat' dir='ltr'>animorum</span> <span class='ocrx_word' id='word_1_11' title='bbox 581 169 696 214; x_wconf 89' lang='lat' dir='ltr'>atque</span> <span class='ocrx_word' id='word_1_12' title='bbox 714 170 840 201; x_wconf 85' lang='lat' dir='ltr'>motus</span> <span class='ocrx_word' id='word_1_13' title='bbox 859 164 919 202; x_wconf 92' lang='lat' dir='ltr'>vel</span> <span class='ocrx_word' id='word_1_14' title='bbox 937 162 1246 211; x_wconf 82' lang='lat' dir='ltr'>inflammandos,</span> 
     </span>
     <span class='ocr_line' id='line_1_3' title="bbox 136 215 1250 267; baseline 0.001 -14"><span class='ocrx_word' id='word_1_15' title='bbox 136 216 195 253; x_wconf 88' lang='lat' dir='ltr'>vel</span> <span class='ocrx_word' id='word_1_16' title='bbox 211 216 325 254; x_wconf 87' lang='lat' dir='ltr'>etiam</span> <span class='ocrx_word' id='word_1_17' title='bbox 340 215 632 266; x_wconf 84' lang='lat' dir='ltr'>exstinguendos</span> <span class='ocrx_word' id='word_1_18' title='bbox 645 216 764 267; x_wconf 90' lang='lat' dir='ltr'>(quod</span> <span class='ocrx_word' id='word_1_19' title='bbox 776 229 897 255; x_wconf 90' lang='lat' dir='ltr'>unum</span> <span class='ocrx_word' id='word_1_20' title='bbox 910 217 949 254; x_wconf 93' lang='lat' dir='ltr'>in</span> <span class='ocrx_word' id='word_1_21' title='bbox 964 225 1109 255; x_wconf 88' lang='lat' dir='ltr'>oratore</span> <span class='ocrx_word' id='word_1_22' title='bbox 1127 216 1250 255; x_wconf 90' lang='lat' dir='ltr'>domi-</span> 
     </span>
     <span class='ocr_line' id='line_1_4' title="bbox 134 269 1246 321; baseline 0.002 -15"><span class='ocrx_word' id='word_1_23' title='bbox 134 276 278 317; x_wconf 83' lang='lat' dir='ltr'>natur),</span> <span class='ocrx_word' id='word_1_24' title='bbox 299 270 379 307; x_wconf 91' lang='lat' dir='ltr'>sine</span> <span class='ocrx_word' id='word_1_25' title='bbox 398 269 686 320; x_wconf 72' lang='lat' dir='ltr'>diligentissima</span> <span class='ocrx_word' id='word_1_26' title='bbox 697 271 1007 321; x_wconf 82' lang='lat' dir='ltr'>pervestigatione</span> <span class='ocrx_word' id='word_1_27' title='bbox 1019 283 1150 309; x_wconf 89' lang='lat' dir='ltr'>earum</span> <span class='ocrx_word' id='word_1_28' title='bbox 1163 283 1246 308; x_wconf 89' lang='lat' dir='ltr'>om-</span> 
     </span>
     <span class='ocr_line' id='line_1_5' title="bbox 136 323 1250 375; baseline 0.003 -15"><span class='ocrx_word' id='word_1_29' title='bbox 136 323 246 360; x_wconf 88' lang='lat' dir='ltr'>nium</span> <span class='ocrx_word' id='word_1_30' title='bbox 258 323 462 371; x_wconf 89' lang='lat' dir='ltr'>rationum,</span> <span class='ocrx_word' id='word_1_31' title='bbox 474 337 560 374; x_wconf 89' lang='lat' dir='ltr'>quae</span> <span class='ocrx_word' id='word_1_32' title='bbox 571 323 617 361; x_wconf 91' lang='lat' dir='ltr'>de</span> <span class='ocrx_word' id='word_1_33' title='bbox 628 324 773 362; x_wconf 88' lang='lat' dir='ltr'>naturis</span> <span class='ocrx_word' id='word_1_34' title='bbox 784 324 944 362; x_wconf 89' lang='lat' dir='ltr'>humani</span> <span class='ocrx_word' id='word_1_35' title='bbox 955 325 1101 375; x_wconf 87' lang='lat' dir='ltr'>generis</span> <span class='ocrx_word' id='word_1_36' title='bbox 1113 337 1155 362; x_wconf 86' lang='lat' dir='ltr'>ac</span> <span class='ocrx_word' id='word_1_37' title='bbox 1167 337 1250 363; x_wconf 85' lang='lat' dir='ltr'>mo·-</span> 
     </span>
     <span class='ocr_line' id='line_1_6' title="bbox 135 376 1250 430; baseline 0.003 -17"><span class='ocrx_word' id='word_1_38' title='bbox 135 376 241 414; x_wconf 85' lang='lat' dir='ltr'>ribus</span> <span class='ocrx_word' id='word_1_39' title='bbox 260 390 282 414; x_wconf 87' lang='lat' dir='ltr'>a</span> <span class='ocrx_word' id='word_1_40' title='bbox 300 376 533 428; x_wconf 83' lang='lat' dir='ltr'>philosophis</span> <span class='ocrx_word' id='word_1_41' title='bbox 553 378 799 428; x_wconf 76' lang='lat' dir='ltr'>explicantur.</span> <span class='ocrx_word' id='word_1_42' title='bbox 829 378 962 430; x_wconf 87' lang='lat' dir='ltr'>Atque</span> <span class='ocrx_word' id='word_1_43' title='bbox 975 378 1080 416; x_wconf 90' lang='lat' dir='ltr'>haud</span> <span class='ocrx_word' id='word_1_44' title='bbox 1094 378 1183 426; x_wconf 86' lang='lat' dir='ltr'>scio,</span> <span class='ocrx_word' id='word_1_45' title='bbox 1201 390 1250 415; x_wconf 86' lang='lat' dir='ltr'>an</span> 
     </span>
     <span class='ocr_line' id='line_1_7' title="bbox 135 430 1249 483; baseline 0.002 -16"><span class='ocrx_word' id='word_1_46' title='bbox 135 430 264 468; x_wconf 88' lang='lat' dir='ltr'>minus</span> <span class='ocrx_word' id='word_1_47' title='bbox 282 430 354 468; x_wconf 93' lang='lat' dir='ltr'>hoc</span> <span class='ocrx_word' id='word_1_48' title='bbox 368 431 473 469; x_wconf 89' lang='lat' dir='ltr'>vobis</span> <span class='ocrx_word' id='word_1_49' title='bbox 487 431 557 468; x_wconf 88' lang='lat' dir='ltr'>sim</span> <span class='ocrx_word' id='word_1_50' title='bbox 573 433 799 481; x_wconf 77' lang='lat' dir='ltr'><strong>probaturus</strong></span> <span class='ocrx_word' id='word_1_51' title='bbox 814 446 824 469; x_wconf 88' lang='lat'>:</span> <span class='ocrx_word' id='word_1_52' title='bbox 855 431 1031 483; x_wconf 85' lang='lat' dir='ltr'>equidem</span> <span class='ocrx_word' id='word_1_53' title='bbox 1046 444 1123 469; x_wconf 92' lang='lat' dir='ltr'>non</span> <span class='ocrx_word' id='word_1_54' title='bbox 1137 431 1249 469; x_wconf 90' lang='lat' dir='ltr'>dubi-</span> 
     </span>
     <span class='ocr_line' id='line_1_8' title="bbox 136 484 1248 536; baseline 0.001 -15"><span class='ocrx_word' id='word_1_55' title='bbox 136 485 239 531; x_wconf 88' lang='lat' dir='ltr'>tabo,</span> <span class='ocrx_word' id='word_1_56' title='bbox 253 484 357 534; x_wconf 88' lang='lat' dir='ltr'>quod</span> <span class='ocrx_word' id='word_1_57' title='bbox 371 484 503 533; x_wconf 76' lang='lat' dir='ltr'>sentio,</span> <span class='ocrx_word' id='word_1_58' title='bbox 520 484 652 522; x_wconf 84' lang='lat' dir='ltr'>dicere.</span> <span class='ocrx_word' id='word_1_59' title='bbox 682 485 847 536; x_wconf 85' lang='lat' dir='ltr'>Physica</span> <span class='ocrx_word' id='word_1_60' title='bbox 856 485 928 523; x_wconf 89' lang='lat' dir='ltr'>ista</span> <span class='ocrx_word' id='word_1_61' title='bbox 941 485 1037 536; x_wconf 87' lang='lat' dir='ltr'>ipsa,</span> <span class='ocrx_word' id='word_1_62' title='bbox 1053 492 1090 523; x_wconf 91' lang='lat' dir='ltr'>et</span> <span class='ocrx_word' id='word_1_63' title='bbox 1100 484 1248 523; x_wconf 87' lang='lat' dir='ltr'>mathe-</span> 
     </span>
     <span class='ocr_line' id='line_1_9' title="bbox 136 537 1251 589; baseline 0.002 -15"><span class='ocrx_word' id='word_1_64' title='bbox 136 537 289 585; x_wconf 89' lang='lat' dir='ltr'>matica,</span> <span class='ocrx_word' id='word_1_65' title='bbox 303 545 340 575; x_wconf 91' lang='lat' dir='ltr'>et</span> <span class='ocrx_word' id='word_1_66' title='bbox 359 551 445 589; x_wconf 83' lang='lat' dir='ltr'>quae</span> <span class='ocrx_word' id='word_1_67' title='bbox 462 539 578 589; x_wconf 91' lang='lat' dir='ltr'>paulo</span> <span class='ocrx_word' id='word_1_68' title='bbox 596 545 683 576; x_wconf 87' lang='lat' dir='ltr'>ante</span> <span class='ocrx_word' id='word_1_69' title='bbox 700 546 920 576; x_wconf 84' lang='lat' dir='ltr'>caeterarum</span> <span class='ocrx_word' id='word_1_70' title='bbox 939 539 1079 577; x_wconf 87' lang='lat' dir='ltr'>artium</span> <span class='ocrx_word' id='word_1_71' title='bbox 1097 537 1251 589; x_wconf 86' lang='lat' dir='ltr'>propria</span> 
     </span>
     <span class='ocr_line' id='line_1_10' title="bbox 134 590 1250 643; baseline 0.001 -15"><span class='ocrx_word' id='word_1_72' title='bbox 134 590 306 642; x_wconf 79' lang='lat' dir='ltr'>posuisti,</span> <span class='ocrx_word' id='word_1_73' title='bbox 317 591 479 629; x_wconf 87' lang='lat' dir='ltr'>scientiae</span> <span class='ocrx_word' id='word_1_74' title='bbox 491 598 579 629; x_wconf 87' lang='lat' dir='ltr'>sunt</span> <span class='ocrx_word' id='word_1_75' title='bbox 588 605 718 630; x_wconf 86' lang='lat' dir='ltr'>eorum</span> <span class='ocrx_word' id='word_1_76' title='bbox 731 592 798 643; x_wconf 89' lang='lat' dir='ltr'>qui</span> <span class='ocrx_word' id='word_1_77' title='bbox 807 593 874 630; x_wconf 90' lang='lat' dir='ltr'>illa</span> <span class='ocrx_word' id='word_1_78' title='bbox 884 592 1128 643; x_wconf 83' lang='lat' dir='ltr'>profitentur:</span> <span class='ocrx_word' id='word_1_79' title='bbox 1142 592 1250 629; x_wconf 92' lang='lat' dir='ltr'>illus-</span> 
     </span>
     <span class='ocr_line' id='line_1_11' title="bbox 134 644 1250 697; baseline 0.001 -15"><span class='ocrx_word' id='word_1_80' title='bbox 134 652 233 682; x_wconf 88' lang='lat' dir='ltr'>trare</span> <span class='ocrx_word' id='word_1_81' title='bbox 251 652 380 683; x_wconf 88' lang='lat' dir='ltr'>autem</span> <span class='ocrx_word' id='word_1_82' title='bbox 399 646 565 683; x_wconf 89' lang='lat' dir='ltr'>oratione</span> <span class='ocrx_word' id='word_1_83' title='bbox 583 645 614 683; x_wconf 88' lang='lat' dir='ltr'>si</span> <span class='ocrx_word' id='word_1_84' title='bbox 632 646 718 697; x_wconf 92' lang='lat' dir='ltr'>quis</span> <span class='ocrx_word' id='word_1_85' title='bbox 737 646 826 684; x_wconf 87' lang='lat' dir='ltr'>istas</span> <span class='ocrx_word' id='word_1_86' title='bbox 847 646 947 697; x_wconf 87' lang='lat' dir='ltr'>ipsas</span> <span class='ocrx_word' id='word_1_87' title='bbox 965 653 1062 684; x_wconf 90' lang='lat' dir='ltr'>artes</span> <span class='ocrx_word' id='word_1_88' title='bbox 1076 645 1180 693; x_wconf 89' lang='lat' dir='ltr'>velit,</span> <span class='ocrx_word' id='word_1_89' title='bbox 1200 644 1250 683; x_wconf 83' lang='lat' dir='ltr'>ad</span> 
     </span>
     <span class='ocr_line' id='line_1_12' title="bbox 133 699 1247 750; baseline 0 -14"><span class='ocrx_word' id='word_1_90' title='bbox 133 699 290 736; x_wconf 90' lang='lat' dir='ltr'>oratoris</span> <span class='ocrx_word' id='word_1_91' title='bbox 303 699 336 737; x_wconf 93' lang='lat' dir='ltr'>ei</span> <span class='ocrx_word' id='word_1_92' title='bbox 347 699 642 750; x_wconf 82' lang='lat' dir='ltr'>confugiendum</span> <span class='ocrx_word' id='word_1_93' title='bbox 658 706 712 737; x_wconf 89' lang='lat' dir='ltr'>est</span> <span class='ocrx_word' id='word_1_94' title='bbox 722 700 953 738; x_wconf 85' lang='lat' dir='ltr'>facultatem.</span> <span class='ocrx_word' id='word_1_95' title='bbox 979 699 1118 750; x_wconf 90' lang='lat' dir='ltr'>Neque</span> <span class='ocrx_word' id='word_1_96' title='bbox 1130 699 1247 747; x_wconf 88' lang='lat' dir='ltr'>enim,</span> 
     </span>
     <span class='ocr_line' id='line_1_13' title="bbox 136 752 1250 804; baseline 0.001 -15"><span class='ocrx_word' id='word_1_97' title='bbox 136 752 168 789; x_wconf 87' lang='lat' dir='ltr'>si</span> <span class='ocrx_word' id='word_1_98' title='bbox 183 752 386 790; x_wconf 85' lang='lat' dir='ltr'>Philonem</span> <span class='ocrx_word' id='word_1_99' title='bbox 400 753 513 791; x_wconf 83' lang='lat' dir='ltr'>illum</span> <span class='ocrx_word' id='word_1_100' title='bbox 524 753 784 802; x_wconf 79' lang='lat' dir='ltr'>architectum,</span> <span class='ocrx_word' id='word_1_101' title='bbox 798 753 866 804; x_wconf 87' lang='lat' dir='ltr'>qui</span> <span class='ocrx_word' id='word_1_102' title='bbox 878 753 1178 791; x_wconf 84' lang='lat' dir='ltr'>Atheniensibus</span> <span class='ocrx_word' id='word_1_103' title='bbox 1189 766 1250 790; x_wconf 87' lang='lat' dir='ltr'>ar-</span> 
     </span>
     <span class='ocr_line' id='line_1_14' title="bbox 133 805 1247 858; baseline 0.001 -15"><span class='ocrx_word' id='word_1_104' title='bbox 133 806 430 844; x_wconf 85' lang='lat' dir='ltr'>mamentarium</span> <span class='ocrx_word' id='word_1_105' title='bbox 449 807 550 853; x_wconf 86' lang='lat' dir='ltr'>fecit,</span> <span class='ocrx_word' id='word_1_106' title='bbox 571 814 729 856; x_wconf 89' lang='lat' dir='ltr'>constat,</span> <span class='ocrx_word' id='word_1_107' title='bbox 750 807 953 858; x_wconf 83' lang='lat' dir='ltr'>perdiserte</span> <span class='ocrx_word' id='word_1_108' title='bbox 971 807 1115 858; x_wconf 90' lang='lat' dir='ltr'>populo</span> <span class='ocrx_word' id='word_1_109' title='bbox 1133 805 1247 844; x_wconf 88' lang='lat' dir='ltr'>ratio-</span> 
     </span>
     <span class='ocr_line' id='line_1_15' title="bbox 134 859 1249 911; baseline 0 -13"><span class='ocrx_word' id='word_1_110' title='bbox 134 872 223 898; x_wconf 87' lang='lat' dir='ltr'>nem</span> <span class='ocrx_word' id='word_1_111' title='bbox 243 860 365 911; x_wconf 90' lang='lat' dir='ltr'>operis</span> <span class='ocrx_word' id='word_1_112' title='bbox 384 861 443 898; x_wconf 90' lang='lat' dir='ltr'>sui</span> <span class='ocrx_word' id='word_1_113' title='bbox 461 860 679 910; x_wconf 81' lang='lat' dir='ltr'>reddidisse,</span> <span class='ocrx_word' id='word_1_114' title='bbox 707 861 1003 900; x_wconf 83' lang='lat' dir='ltr'>existimandum</span> <span class='ocrx_word' id='word_1_115' title='bbox 1031 867 1099 909; x_wconf 92' lang='lat' dir='ltr'>est,</span> <span class='ocrx_word' id='word_1_116' title='bbox 1126 859 1249 899; x_wconf 87' lang='lat' dir='ltr'>archi-</span> 
     </span>
     <span class='ocr_line' id='line_1_16' title="bbox 134 913 1244 966; baseline 0.001 -15"><span class='ocrx_word' id='word_1_117' title='bbox 134 914 221 952; x_wconf 88' lang='lat' dir='ltr'>tecti</span> <span class='ocrx_word' id='word_1_118' title='bbox 245 914 371 965; x_wconf 89' lang='lat' dir='ltr'>potius</span> <span class='ocrx_word' id='word_1_119' title='bbox 390 914 546 952; x_wconf 87' lang='lat' dir='ltr'>artificio</span> <span class='ocrx_word' id='word_1_120' title='bbox 572 915 769 963; x_wconf 87' lang='lat' dir='ltr'>disertum,</span> <span class='ocrx_word' id='word_1_121' title='bbox 790 928 908 966; x_wconf 88' lang='lat' dir='ltr'>quam</span> <span class='ocrx_word' id='word_1_122' title='bbox 927 914 1097 962; x_wconf 87' lang='lat' dir='ltr'>oratoris,</span> <span class='ocrx_word' id='word_1_123' title='bbox 1116 913 1244 952; x_wconf 88' lang='lat' dir='ltr'>fuisse.</span> 
     </span>
     <span class='ocr_line' id='line_1_17' title="bbox 136 967 1246 1020; baseline 0.001 -15"><span class='ocrx_word' id='word_1_124' title='bbox 136 968 178 1005; x_wconf 93' lang='lat' dir='ltr'>N</span> <span class='ocrx_word' id='word_1_125' title='bbox 180 981 234 1015; x_wconf 88' lang='lat' dir='ltr'>ec,</span> <span class='ocrx_word' id='word_1_126' title='bbox 258 968 289 1005; x_wconf 91' lang='lat' dir='ltr'>si</span> <span class='ocrx_word' id='word_1_127' title='bbox 302 968 392 1006; x_wconf 90' lang='lat' dir='ltr'>huic</span> <span class='ocrx_word' id='word_1_128' title='bbox 411 968 473 1006; x_wconf 87' lang='lat' dir='ltr'>M.</span> <span class='ocrx_word' id='word_1_129' title='bbox 496 968 670 1006; x_wconf 91' lang='lat' dir='ltr'>Antonio</span> <span class='ocrx_word' id='word_1_130' title='bbox 694 981 763 1020; x_wconf 88' lang='lat' dir='ltr'>pro</span> <span class='ocrx_word' id='word_1_131' title='bbox 783 968 1024 1006; x_wconf 85' lang='lat' dir='ltr'>Hermodoro</span> <span class='ocrx_word' id='word_1_132' title='bbox 1047 968 1180 1006; x_wconf 87' lang='lat' dir='ltr'>fuisset</span> <span class='ocrx_word' id='word_1_133' title='bbox 1198 967 1246 1006; x_wconf 89' lang='lat' dir='ltr'>de</span> 
     </span>
     <span class='ocr_line' id='line_1_18' title="bbox 134 1021 1246 1073; baseline -0.001 -14"><span class='ocrx_word' id='word_1_134' title='bbox 134 1022 329 1059; x_wconf 88' lang='lat' dir='ltr'>navalium</span> <span class='ocrx_word' id='word_1_135' title='bbox 348 1035 459 1073; x_wconf 85' lang='lat' dir='ltr'>opere</span> <span class='ocrx_word' id='word_1_136' title='bbox 483 1022 701 1071; x_wconf 89' lang='lat' dir='ltr'>dicendum,</span> <span class='ocrx_word' id='word_1_137' title='bbox 722 1035 813 1070; x_wconf 86' lang='lat' dir='ltr'>non,</span> <span class='ocrx_word' id='word_1_138' title='bbox 834 1035 922 1060; x_wconf 91' lang='lat' dir='ltr'>cum</span> <span class='ocrx_word' id='word_1_139' title='bbox 941 1023 989 1060; x_wconf 88' lang='lat' dir='ltr'>ab</span> <span class='ocrx_word' id='word_1_140' title='bbox 1007 1021 1073 1060; x_wconf 91' lang='lat' dir='ltr'>illo</span> <span class='ocrx_word' id='word_1_141' title='bbox 1093 1034 1246 1060; x_wconf 88' lang='lat' dir='ltr'>causam</span> 
     </span>
     <span class='ocr_line' id='line_1_19' title="bbox 135 1075 1246 1126; baseline 0 -14"><span class='ocrx_word' id='word_1_142' title='bbox 135 1075 338 1123; x_wconf 86' lang='lat' dir='ltr'>didicisset,</span> <span class='ocrx_word' id='word_1_143' title='bbox 366 1076 446 1126; x_wconf 93' lang='lat' dir='ltr'>ipse</span> <span class='ocrx_word' id='word_1_144' title='bbox 471 1082 600 1114; x_wconf 86' lang='lat' dir='ltr'>ornate</span> <span class='ocrx_word' id='word_1_145' title='bbox 624 1075 671 1113; x_wconf 90' lang='lat' dir='ltr'>de</span> <span class='ocrx_word' id='word_1_146' title='bbox 693 1075 816 1113; x_wconf 87' lang='lat' dir='ltr'>alieno</span> <span class='ocrx_word' id='word_1_147' title='bbox 841 1075 998 1114; x_wconf 89' lang='lat' dir='ltr'>artificio</span> <span class='ocrx_word' id='word_1_148' title='bbox 1023 1075 1246 1126; x_wconf 88' lang='lat' dir='ltr'>copioseque</span> 
     </span>
     <span class='ocr_line' id='line_1_20' title="bbox 135 1128 1245 1181; baseline 0 -15"><span class='ocrx_word' id='word_1_149' title='bbox 135 1128 290 1167; x_wconf 80' lang='lat' dir='ltr'>dixisset</span> <span class='ocrx_word' id='word_1_150' title='bbox 303 1132 321 1168; x_wconf 62' lang='grc' dir='ltr'>ἶ)</span> <span class='ocrx_word' id='word_1_151' title='bbox 351 1130 489 1181; x_wconf 91' lang='lat' dir='ltr'>Neque</span> <span class='ocrx_word' id='word_1_152' title='bbox 501 1142 588 1167; x_wconf 86' lang='lat' dir='ltr'>vero</span> <span class='ocrx_word' id='word_1_153' title='bbox 601 1129 847 1180; x_wconf 87' lang='lat' dir='ltr'>Asclepiades</span> <span class='ocrx_word' id='word_1_154' title='bbox 861 1129 907 1177; x_wconf 89' lang='lat' dir='ltr'>is,</span> <span class='ocrx_word' id='word_1_155' title='bbox 925 1141 1001 1180; x_wconf 93' lang='lat' dir='ltr'>quo</span> <span class='ocrx_word' id='word_1_156' title='bbox 1015 1142 1084 1167; x_wconf 92' lang='lat' dir='ltr'>nos</span> <span class='ocrx_word' id='word_1_157' title='bbox 1097 1129 1245 1166; x_wconf 87' lang='lat' dir='ltr'>medico</span> 
     </span>
     <span class='ocr_line' id='line_1_21' title="bbox 136 1182 1249 1234; baseline -0.001 -13"><span class='ocrx_word' id='word_1_158' title='bbox 136 1183 334 1234; x_wconf 88' lang='lat' dir='ltr'>amicoque</span> <span class='ocrx_word' id='word_1_159' title='bbox 352 1183 412 1221; x_wconf 90' lang='lat' dir='ltr'>usi</span> <span class='ocrx_word' id='word_1_160' title='bbox 431 1196 576 1232; x_wconf 90' lang='lat' dir='ltr'>sumus,</span> <span class='ocrx_word' id='word_1_161' title='bbox 597 1190 696 1231; x_wconf 84' lang='lat' dir='ltr'>tum,</span> <span class='ocrx_word' id='word_1_162' title='bbox 720 1196 809 1221; x_wconf 89' lang='lat' dir='ltr'>cum</span> <span class='ocrx_word' id='word_1_163' title='bbox 834 1182 1050 1234; x_wconf 70' lang='lat' dir='ltr'>eloquentia</span> <span class='ocrx_word' id='word_1_164' title='bbox 1075 1183 1249 1221; x_wconf 85' lang='lat' dir='ltr'>vincebat</span> 
     </span>
     <span class='ocr_line' id='line_1_22' title="bbox 135 1236 1246 1288; baseline 0 -14"><span class='ocrx_word' id='word_1_165' title='bbox 135 1244 286 1275; x_wconf 87' lang='lat' dir='ltr'>caeteros</span> <span class='ocrx_word' id='word_1_166' title='bbox 304 1237 482 1285; x_wconf 89' lang='lat' dir='ltr'>medicos,</span> <span class='ocrx_word' id='word_1_167' title='bbox 503 1237 544 1274; x_wconf 90' lang='lat' dir='ltr'>in</span> <span class='ocrx_word' id='word_1_168' title='bbox 561 1250 604 1274; x_wconf 93' lang='grc' dir='ltr'>6ο</span> <span class='ocrx_word' id='word_1_169' title='bbox 622 1237 704 1288; x_wconf 90' lang='lat' dir='ltr'>ipso</span> <span class='ocrx_word' id='word_1_170' title='bbox 719 1236 822 1288; x_wconf 92' lang='lat' dir='ltr'>quod</span> <span class='ocrx_word' id='word_1_171' title='bbox 840 1244 970 1274; x_wconf 88' lang='lat' dir='ltr'>ornate</span> <span class='ocrx_word' id='word_1_172' title='bbox 988 1236 1148 1284; x_wconf 85' lang='lat' dir='ltr'>dicebat,</span> <span class='ocrx_word' id='word_1_173' title='bbox 1163 1249 1246 1274; x_wconf 87' lang='lat' dir='ltr'>me-</span> 
     </span>
     <span class='ocr_line' id='line_1_23' title="bbox 135 1289 1246 1342; baseline 0 -15"><span class='ocrx_word' id='word_1_174' title='bbox 135 1291 270 1329; x_wconf 83' lang='lat' dir='ltr'>dicinae</span> <span class='ocrx_word' id='word_1_175' title='bbox 288 1289 466 1329; x_wconf 84' lang='lat' dir='ltr'>facultate</span> <span class='ocrx_word' id='word_1_176' title='bbox 484 1292 675 1339; x_wconf 87' lang='lat' dir='ltr'>utebatur,</span> <span class='ocrx_word' id='word_1_177' title='bbox 691 1303 768 1329; x_wconf 91' lang='lat' dir='ltr'>non</span> <span class='ocrx_word' id='word_1_178' title='bbox 787 1290 1023 1342; x_wconf 88' lang='lat' dir='ltr'>eloquentiae.</span> <span class='ocrx_word' id='word_1_179' title='bbox 1051 1291 1186 1342; x_wconf 84' lang='lat' dir='ltr'>Atque</span> <span class='ocrx_word' id='word_1_180' title='bbox 1199 1289 1246 1326; x_wconf 90' lang='lat' dir='ltr'>il-</span> 
     </span>
     <span class='ocr_line' id='line_1_24' title="bbox 134 1343 1246 1396; baseline 0 -15"><span class='ocrx_word' id='word_1_181' title='bbox 134 1345 204 1382; x_wconf 90' lang='lat' dir='ltr'>lud</span> <span class='ocrx_word' id='word_1_182' title='bbox 223 1351 278 1383; x_wconf 90' lang='lat' dir='ltr'>est</span> <span class='ocrx_word' id='word_1_183' title='bbox 289 1344 536 1395; x_wconf 89' lang='lat' dir='ltr'>probabilius,</span> <span class='ocrx_word' id='word_1_184' title='bbox 552 1357 676 1396; x_wconf 90' lang='lat' dir='ltr'>neque</span> <span class='ocrx_word' id='word_1_185' title='bbox 691 1352 819 1382; x_wconf 86' lang='lat' dir='ltr'>tamen</span> <span class='ocrx_word' id='word_1_186' title='bbox 831 1357 978 1392; x_wconf 87' lang='lat' dir='ltr'>verum,</span> <span class='ocrx_word' id='word_1_187' title='bbox 995 1343 1100 1395; x_wconf 91' lang='lat' dir='ltr'>quod</span> <span class='ocrx_word' id='word_1_188' title='bbox 1113 1344 1246 1382; x_wconf 85' lang='lat' dir='ltr'>Socra-</span> 
     </span>
     <span class='ocr_line' id='line_1_25' title="bbox 134 1396 1250 1450; baseline -0.001 -14"><span class='ocrx_word' id='word_1_189' title='bbox 134 1405 190 1436; x_wconf 89' lang='lat' dir='ltr'>tes</span> <span class='ocrx_word' id='word_1_190' title='bbox 217 1397 339 1436; x_wconf 89' lang='lat' dir='ltr'>dicere</span> <span class='ocrx_word' id='word_1_191' title='bbox 364 1399 519 1446; x_wconf 83' lang='lat' dir='ltr'>solebat,</span> <span class='ocrx_word' id='word_1_192' title='bbox 547 1410 692 1446; x_wconf 90' lang='lat' dir='ltr'>omnes,</span> <span class='ocrx_word' id='word_1_193' title='bbox 721 1398 761 1435; x_wconf 92' lang='lat' dir='ltr'>in</span> <span class='ocrx_word' id='word_1_194' title='bbox 787 1410 830 1436; x_wconf 90' lang='lat' dir='ltr'>eo</span> <span class='ocrx_word' id='word_1_195' title='bbox 855 1397 959 1450; x_wconf 90' lang='lat' dir='ltr'>quod</span> <span class='ocrx_word' id='word_1_196' title='bbox 983 1397 1132 1446; x_wconf 78' lang='lat' dir='ltr'>scirent,</span> <span class='ocrx_word' id='word_1_197' title='bbox 1160 1396 1250 1435; x_wconf 86' lang='lat' dir='ltr'>satis</span> 
     </span>
     <span class='ocr_line' id='line_1_26' title="bbox 134 1450 1248 1542; baseline -0.002 -52"><span class='ocrx_word' id='word_1_198' title='bbox 134 1464 212 1490; x_wconf 88' lang='lat' dir='ltr'>esse</span> <span class='ocrx_word' id='word_1_199' title='bbox 238 1452 478 1503; x_wconf 89' lang='lat' dir='ltr'>eloquentes:</span> <span class='ocrx_word' id='word_1_200' title='bbox 509 1452 606 1489; x_wconf 86' lang='lat' dir='ltr'>illud</span> <span class='ocrx_word' id='word_1_201' title='bbox 632 1451 769 1500; x_wconf 90' lang='lat' dir='ltr'>verius,</span> <span class='ocrx_word' id='word_1_202' title='bbox 797 1464 922 1503; x_wconf 88' lang='lat' dir='ltr'>neque</span> <span class='ocrx_word' id='word_1_203' title='bbox 946 1464 1181 1542; x_wconf 81' lang='lat' dir='ltr'>quemquam</span> <span class='ocrx_word' id='word_1_204' title='bbox 1207 1450 1248 1488; x_wconf 88' lang='lat' dir='ltr'>in</span> 
     </span>
     <span class='ocr_line' id='line_1_27' title="bbox 133 1505 1250 1566; baseline -0.003 -22"><span class='ocrx_word' id='word_1_205' title='bbox 133 1519 179 1544; x_wconf 88' lang='lat' dir='ltr'>eo</span> <span class='ocrx_word' id='word_1_206' title='bbox 193 1506 375 1544; x_wconf 84' lang='lat' dir='ltr'>disertum</span> <span class='ocrx_word' id='word_1_207' title='bbox 395 1519 473 1544; x_wconf 90' lang='lat' dir='ltr'>esse</span> <span class='ocrx_word' id='word_1_208' title='bbox 491 1519 598 1556; x_wconf 90' lang='lat' dir='ltr'>posse</span> <span class='ocrx_word' id='word_1_209' title='bbox 618 1506 721 1566; x_wconf 80' lang='lat' dir='ltr'>quod</span> <span class='ocrx_word' id='word_1_210' title='bbox 738 1505 892 1554; x_wconf 89' lang='lat' dir='ltr'>nesciat,</span> <span class='ocrx_word' id='word_1_211' title='bbox 916 1518 1054 1556; x_wconf 89' lang='lat' dir='ltr'>neque,</span> <span class='ocrx_word' id='word_1_212' title='bbox 1074 1505 1105 1543; x_wconf 87' lang='lat' dir='ltr'>si</span> <span class='ocrx_word' id='word_1_213' title='bbox 1122 1505 1163 1542; x_wconf 90' lang='lat' dir='ltr'>id</span> <span class='ocrx_word' id='word_1_214' title='bbox 1181 1517 1250 1556; x_wconf 91' lang='lat' dir='ltr'>op-</span> 
     </span>
     <span class='ocr_line' id='line_1_28' title="bbox 134 1558 1249 1620; baseline 0 -24"><span class='ocrx_word' id='word_1_215' title='bbox 134 1559 227 1597; x_wconf 89' lang='lat' dir='ltr'>time</span> <span class='ocrx_word' id='word_1_216' title='bbox 246 1559 350 1608; x_wconf 88' lang='lat' dir='ltr'>sciat,</span> <span class='ocrx_word' id='word_1_217' title='bbox 376 1559 608 1620; x_wconf 81' lang='lat' dir='ltr'>ignarusque</span> <span class='ocrx_word' id='word_1_218' title='bbox 631 1559 678 1597; x_wconf 90' lang='lat' dir='ltr'>sit</span> <span class='ocrx_word' id='word_1_219' title='bbox 701 1558 883 1598; x_wconf 88' lang='lat' dir='ltr'>faciendae</span> <span class='ocrx_word' id='word_1_220' title='bbox 900 1572 943 1597; x_wconf 87' lang='lat' dir='ltr'>ac</span> <span class='ocrx_word' id='word_1_221' title='bbox 960 1558 1148 1620; x_wconf 79' lang='lat' dir='ltr'>poliendae</span> <span class='ocrx_word' id='word_1_222' title='bbox 1165 1571 1249 1597; x_wconf 89' lang='lat' dir='ltr'>ora-</span> 
     </span>
     <span class='ocr_line' id='line_1_29' title="bbox 134 1612 1192 1664; baseline 0.001 -14"><span class='ocrx_word' id='word_1_223' title='bbox 134 1613 261 1660; x_wconf 90' lang='lat' dir='ltr'>tionis,</span> <span class='ocrx_word' id='word_1_224' title='bbox 281 1613 417 1651; x_wconf 84' lang='lat' dir='ltr'>diserte</span> <span class='ocrx_word' id='word_1_225' title='bbox 434 1613 498 1650; x_wconf 91' lang='lat' dir='ltr'>id</span> <span class='ocrx_word' id='word_1_226' title='bbox 487 1626 616 1664; x_wconf 91' lang='lat' dir='ltr'>1psum</span> <span class='ocrx_word' id='word_1_227' title='bbox 634 1626 756 1664; x_wconf 89' lang='lat' dir='ltr'>posse,</span> <span class='ocrx_word' id='word_1_228' title='bbox 777 1613 823 1651; x_wconf 91' lang='lat' dir='ltr'>de</span> <span class='ocrx_word' id='word_1_229' title='bbox 837 1626 914 1664; x_wconf 92' lang='lat' dir='ltr'>quo</span> <span class='ocrx_word' id='word_1_230' title='bbox 933 1613 1038 1660; x_wconf 87' lang='lat' dir='ltr'>sciat,</span> <span class='ocrx_word' id='word_1_231' title='bbox 1058 1612 1192 1651; x_wconf 83' lang='lat' dir='ltr'>dicere.</span> 
     </span>
     <span class='ocr_line' id='line_1_30' title="bbox 188 1666 1247 1718; baseline 0 -14"><span class='ocrx_word' id='word_1_232' title='bbox 188 1666 283 1705; x_wconf 88' lang='lat' dir='ltr'>XV.</span> <span class='ocrx_word' id='word_1_233' title='bbox 313 1666 445 1714; x_wconf 86' lang='lat' dir='ltr'>Quam</span> <span class='ocrx_word' id='word_1_234' title='bbox 459 1669 507 1705; x_wconf 93' lang='lat' dir='ltr'>ob</span> <span class='ocrx_word' id='word_1_235' title='bbox 527 1680 622 1715; x_wconf 86' lang='lat' dir='ltr'>rem,</span> <span class='ocrx_word' id='word_1_236' title='bbox 636 1667 667 1705; x_wconf 92' lang='lat' dir='ltr'>si</span> <span class='ocrx_word' id='word_1_237' title='bbox 679 1667 764 1718; x_wconf 86' lang='lat' dir='ltr'>quis</span> <span class='ocrx_word' id='word_1_238' title='bbox 775 1667 991 1705; x_wconf 89' lang='lat' dir='ltr'>universam</span> <span class='ocrx_word' id='word_1_239' title='bbox 1002 1673 1039 1704; x_wconf 90' lang='lat' dir='ltr'>et</span> <span class='ocrx_word' id='word_1_240' title='bbox 1052 1666 1247 1717; x_wconf 88' lang='lat' dir='ltr'>propriam</span> 
     </span>
     <span class='ocr_line' id='line_1_31' title="bbox 133 1720 1245 1772; baseline 0 -14"><span class='ocrx_word' id='word_1_241' title='bbox 133 1720 290 1759; x_wconf 85' lang='lat' dir='ltr'>oratoris</span> <span class='ocrx_word' id='word_1_242' title='bbox 309 1720 387 1757; x_wconf 88' lang='lat' dir='ltr'>vim</span> <span class='ocrx_word' id='word_1_243' title='bbox 401 1720 557 1759; x_wconf 89' lang='lat' dir='ltr'>definire</span> <span class='ocrx_word' id='word_1_244' title='bbox 571 1721 845 1772; x_wconf 84' lang='lat' dir='ltr'>complectique</span> <span class='ocrx_word' id='word_1_245' title='bbox 858 1720 955 1769; x_wconf 89' lang='lat' dir='ltr'>vult,</span> <span class='ocrx_word' id='word_1_246' title='bbox 975 1720 1007 1758; x_wconf 91' lang='lat' dir='ltr'>is</span> <span class='ocrx_word' id='word_1_247' title='bbox 1023 1727 1147 1758; x_wconf 87' lang='lat' dir='ltr'>orator</span> <span class='ocrx_word' id='word_1_248' title='bbox 1161 1720 1245 1768; x_wconf 89' lang='lat' dir='ltr'>erit,</span> 
     </span>
     <span class='ocr_line' id='line_1_32' title="bbox 133 1773 1245 1825; baseline -0.001 -13"><span class='ocrx_word' id='word_1_249' title='bbox 133 1787 223 1812; x_wconf 85' lang='lat' dir='ltr'>mea</span> <span class='ocrx_word' id='word_1_250' title='bbox 247 1773 446 1822; x_wconf 84' lang='lat' dir='ltr'>sententia,</span> <span class='ocrx_word' id='word_1_251' title='bbox 470 1773 542 1812; x_wconf 93' lang='lat' dir='ltr'>hoc</span> <span class='ocrx_word' id='word_1_252' title='bbox 569 1781 648 1812; x_wconf 89' lang='lat' dir='ltr'>tam</span> <span class='ocrx_word' id='word_1_253' title='bbox 675 1774 783 1824; x_wconf 87' lang='lat' dir='ltr'>gravi</span> <span class='ocrx_word' id='word_1_254' title='bbox 804 1774 942 1824; x_wconf 81' lang='lat' dir='ltr'>dignus</span> <span class='ocrx_word' id='word_1_255' title='bbox 966 1773 1135 1821; x_wconf 90' lang='lat' dir='ltr'>nomine,</span> <span class='ocrx_word' id='word_1_256' title='bbox 1163 1773 1245 1825; x_wconf 85' lang='lat' dir='ltr'>qui,</span> 
     </span>
     <span class='ocr_line' id='line_1_33' title="bbox 134 1827 1244 1888; baseline 0 -23"><span class='ocrx_word' id='word_1_257' title='bbox 134 1840 388 1880; x_wconf 90' lang='lat' dir='ltr'>quaecumque</span> <span class='ocrx_word' id='word_1_258' title='bbox 406 1841 463 1865; x_wconf 90' lang='lat' dir='ltr'>res</span> <span class='ocrx_word' id='word_1_259' title='bbox 475 1827 660 1888; x_wconf 80' lang='lat' dir='ltr'>inciderit,</span> <span class='ocrx_word' id='word_1_260' title='bbox 674 1841 761 1878; x_wconf 89' lang='lat' dir='ltr'>quae</span> <span class='ocrx_word' id='word_1_261' title='bbox 773 1827 820 1865; x_wconf 92' lang='lat' dir='ltr'>sit</span> <span class='ocrx_word' id='word_1_262' title='bbox 833 1827 995 1865; x_wconf 89' lang='lat' dir='ltr'>dictione</span> <span class='ocrx_word' id='word_1_263' title='bbox 1006 1827 1244 1878; x_wconf 83' lang='lat' dir='ltr'>explicanda,</span> 
     </span>
     <span class='ocr_line' id='line_1_34' title="bbox 133 1880 1246 1933; baseline -0.001 -14"><span class='ocrx_word' id='word_1_264' title='bbox 133 1881 352 1933; x_wconf 87' lang='lat' dir='ltr'>prudenter,</span> <span class='ocrx_word' id='word_1_265' title='bbox 373 1888 410 1918; x_wconf 91' lang='lat' dir='ltr'>et</span> <span class='ocrx_word' id='word_1_266' title='bbox 428 1881 646 1932; x_wconf 88' lang='lat' dir='ltr'>composite,</span> <span class='ocrx_word' id='word_1_267' title='bbox 667 1888 704 1918; x_wconf 91' lang='lat' dir='ltr'>et</span> <span class='ocrx_word' id='word_1_268' title='bbox 725 1887 869 1928; x_wconf 88' lang='lat' dir='ltr'>ornate,</span> <span class='ocrx_word' id='word_1_269' title='bbox 890 1888 928 1919; x_wconf 89' lang='lat' dir='ltr'>et</span> <span class='ocrx_word' id='word_1_270' title='bbox 944 1880 1162 1919; x_wconf 88' lang='lat' dir='ltr'>memoriter</span> <span class='ocrx_word' id='word_1_271' title='bbox 1187 1881 1246 1919; x_wconf 87' lang='lat' dir='ltr'>di-</span> 
     </span>
     <span class='ocr_line' id='line_1_35' title="bbox 132 1934 1246 1996; baseline -0.001 -22"><span class='ocrx_word' id='word_1_272' title='bbox 132 1943 207 1996; x_wconf 80' lang='lat' dir='ltr'>cat,</span> <span class='ocrx_word' id='word_1_273' title='bbox 235 1948 324 1973; x_wconf 92' lang='lat' dir='ltr'>cum</span> <span class='ocrx_word' id='word_1_274' title='bbox 343 1934 511 1985; x_wconf 85' lang='lat' dir='ltr'>quadam</span> <span class='ocrx_word' id='word_1_275' title='bbox 535 1934 649 1972; x_wconf 91' lang='lat' dir='ltr'>etiam</span> <span class='ocrx_word' id='word_1_276' title='bbox 675 1934 831 1972; x_wconf 86' lang='lat' dir='ltr'>actionis</span> <span class='ocrx_word' id='word_1_277' title='bbox 852 1934 1047 1995; x_wconf 84' lang='lat' dir='ltr'>dignitate.</span> <span class='ocrx_word' id='word_1_278' title='bbox 1077 1934 1146 1972; x_wconf 91' lang='lat' dir='ltr'>Sin</span> <span class='ocrx_word' id='word_1_279' title='bbox 1165 1935 1246 1973; x_wconf 90' lang='lat' dir='ltr'>cui-</span> 
     </span>
     <span class='ocr_line' id='line_1_36' title="bbox 134 1986 1245 2040; baseline -0.002 -14"><span class='ocrx_word' id='word_1_280' title='bbox 134 1989 239 2040; x_wconf 87' lang='lat' dir='ltr'>piam</span> <span class='ocrx_word' id='word_1_281' title='bbox 258 1988 371 2026; x_wconf 89' lang='lat' dir='ltr'>nimis</span> <span class='ocrx_word' id='word_1_282' title='bbox 389 1987 583 2026; x_wconf 86' lang='lat' dir='ltr'>infinitum</span> <span class='ocrx_word' id='word_1_283' title='bbox 598 1988 760 2035; x_wconf 89' lang='lat' dir='ltr'>videtur,</span> <span class='ocrx_word' id='word_1_284' title='bbox 778 1988 904 2039; x_wconf 92' lang='lat' dir='ltr'>quod</span> <span class='ocrx_word' id='word_1_285' title='bbox 893 1996 948 2025; x_wconf 80' lang='lat' dir='ltr'>lta</span> <span class='ocrx_word' id='word_1_286' title='bbox 960 1987 1084 2039; x_wconf 80' lang='lat' dir='ltr'>posui..</span> <span class='ocrx_word' id='word_1_287' title='bbox 1107 1990 1135 2010; x_wconf 84' lang='grc'>“</span> <span class='ocrx_word' id='word_1_288' title='bbox 1148 1986 1245 2039; x_wconf 83' lang='lat' dir='ltr'>qua-</span> 
     </span>
     <span class='ocr_line' id='line_1_37' title="bbox 134 2041 1242 2094; baseline 0 -13"><span class='ocrx_word' id='word_1_289' title='bbox 134 2055 299 2094; x_wconf 88' lang='lat' dir='ltr'>cumque</span> <span class='ocrx_word' id='word_1_290' title='bbox 313 2043 360 2080; x_wconf 90' lang='lat' dir='ltr'>de</span> <span class='ocrx_word' id='word_1_291' title='bbox 371 2042 453 2090; x_wconf 86' lang='lat' dir='ltr'>re,’&#39;</span> <span class='ocrx_word' id='word_1_292' title='bbox 469 2042 557 2080; x_wconf 88' lang='lat' dir='ltr'>licet</span> <span class='ocrx_word' id='word_1_293' title='bbox 567 2042 669 2090; x_wconf 90' lang='lat' dir='ltr'>hinc,</span> <span class='ocrx_word' id='word_1_294' title='bbox 687 2049 875 2093; x_wconf 86' lang='lat' dir='ltr'>quantum</span> <span class='ocrx_word' id='word_1_295' title='bbox 890 2041 1027 2093; x_wconf 90' lang='lat' dir='ltr'>cuique</span> <span class='ocrx_word' id='word_1_296' title='bbox 1039 2041 1242 2091; x_wconf 86' lang='lat' dir='ltr'>videbitur,</span> 
     </span>
     <span class='ocr_line' id='line_1_38' title="bbox 133 2095 1242 2147; baseline 0 -13"><span class='ocrx_word' id='word_1_297' title='bbox 133 2096 378 2135; x_wconf 84' lang='lat' dir='ltr'>circumcidat</span> <span class='ocrx_word' id='word_1_298' title='bbox 395 2103 510 2147; x_wconf 89' lang='lat' dir='ltr'>atque</span> <span class='ocrx_word' id='word_1_299' title='bbox 528 2102 723 2147; x_wconf 86' lang='lat' dir='ltr'>amputet:</span> <span class='ocrx_word' id='word_1_300' title='bbox 754 2103 882 2133; x_wconf 85' lang='lat' dir='ltr'>tamen</span> <span class='ocrx_word' id='word_1_301' title='bbox 895 2095 993 2133; x_wconf 78' lang='lat' dir='ltr'>illud</span> <span class='ocrx_word' id='word_1_302' title='bbox 1011 2097 1172 2142; x_wconf 85' lang='lat' dir='ltr'>tenebo;</span> <span class='ocrx_word' id='word_1_303' title='bbox 1196 2097 1242 2144; x_wconf 85' lang='lat' dir='ltr'>si,</span> 
     </span>
     <span class='ocr_line' id='line_1_39' title="bbox 134 2149 1245 2201; baseline 0.001 -13"><span class='ocrx_word' id='word_1_304' title='bbox 134 2164 223 2201; x_wconf 83' lang='lat' dir='ltr'>quae</span> <span class='ocrx_word' id='word_1_305' title='bbox 249 2150 389 2191; x_wconf 81' lang='lat' dir='ltr'>caeteris</span> <span class='ocrx_word' id='word_1_306' title='bbox 414 2150 454 2189; x_wconf 85' lang='lat' dir='ltr'>in</span> <span class='ocrx_word' id='word_1_307' title='bbox 480 2150 623 2189; x_wconf 86' lang='lat' dir='ltr'>artibus</span> <span class='ocrx_word' id='word_1_308' title='bbox 648 2156 715 2189; x_wconf 86' lang='lat' dir='ltr'>aut</span> <span class='ocrx_word' id='word_1_309' title='bbox 740 2149 872 2189; x_wconf 81' lang='lat' dir='ltr'>studiis</span> <span class='ocrx_word' id='word_1_310' title='bbox 899 2149 970 2189; x_wconf 86' lang='lat' dir='ltr'>sita</span> <span class='ocrx_word' id='word_1_311' title='bbox 991 2156 1094 2199; x_wconf 88' lang='lat' dir='ltr'>sunt,</span> <span class='ocrx_word' id='word_1_312' title='bbox 1120 2156 1245 2190; x_wconf 83' lang='lat' dir='ltr'>orator</span> 
     </span>
    </p>
   </div>
  </div>
 </body>
</html>
