1407 2324
199 100 275 140 DE
296 101 499 140 CLARIS
519 101 904 149 ORATORIBUS,
926 100 1029 139 CAP.
1051 103 1114 140 50.
1143 103 1221 141 403

130 209 215 246 tius.
245 208 397 255 Quibus
416 208 616 246 virtutibus
633 209 787 246 oratoris
805 208 941 246 horum
961 207 1128 260 quidque
1146 209 1226 247 effi-

132 262 263 308 ciatur,
292 269 358 299 aut
382 261 520 312 quibus
546 262 644 300 vitiis
668 269 790 300 orator
819 269 885 299 aut
910 274 985 299 non
1011 270 1230 313 assequatur

132 314 226 360 haec,
242 321 308 352 aut
325 315 437 352 etiam
457 315 495 352 in
515 315 572 352 his
585 315 734 352 labatur
753 322 789 353 et
803 315 922 361 cadat,
939 315 1072 353 artifex
1091 316 1228 367 aliquis

129 367 325 416 judicabit.
372 368 568 406 Efficiatur
586 376 712 406 autem
732 370 778 406 ab
798 377 954 415 oratore,
975 381 1103 416 necne,
1123 378 1167 406 ut
1184 369 1226 416 ii,

135 421 201 471 qui
216 421 383 468 audiant,
400 421 453 458 ita
471 421 693 467 afficiantur,
713 429 756 458 ut
779 429 901 459 orator
920 423 1021 467 velit,
1043 423 1147 472 vulgi
1171 435 1229 460 as-

136 486 245 511 sensu
261 481 297 511 et
314 474 487 524 populari
505 475 771 525 approbatione
787 475 946 524 judicari
960 476 1063 513 solet.
1094 475 1230 526 Itaque

137 538 335 577 nunquam
354 527 400 564 de
418 529 517 565 bono
534 535 690 574 oratore,
711 536 777 565 aut
795 540 871 565 non
890 531 1002 575 bono,
1022 528 1138 566 doctis
1163 529 1232 566 ho-

138 579 304 618 minibus
322 593 409 618 cum
428 581 568 631 populo
587 581 764 618 dissensio
783 580 867 618 fuit.

194 633 240 670 L.
270 633 336 670 An
355 646 493 680 censes,
514 634 606 671 dum
621 635 677 672 illi
696 634 909 684 viguerunt,
927 647 1020 685 quos
1039 641 1124 672 ante
1138 634 1232 680 dixi,

140 698 215 723 non
235 686 381 724 eosdem
401 687 538 737 gradus
557 695 747 725 oratorum
767 688 871 737 vulgi
887 688 1028 736 judicio
1048 695 1083 725 et
1108 688 1235 725 docto-

140 752 226 776 rum
245 739 389 778 fuisse?
420 740 480 777 De
493 741 634 791 populo
648 741 678 778 si
693 753 806 791 quem
821 741 873 777 ita
890 741 1115 791 rogavisses:
1138 741 1236 788 Quis

141 800 196 829 est
220 793 259 829 in
284 792 354 830 hac
379 793 526 831 civitate
551 794 907 845 eloquentissimus?
936 795 975 831 in
1004 794 1175 831 Antonio
1201 801 1237 832 et

144 846 278 883 Crasso
302 853 368 883 aut
386 846 586 893 dubitaret,
607 855 672 884 aut
689 847 791 885 hunc
809 847 917 894 alius,
937 847 1048 884 illum
1067 847 1162 884 alius
1181 847 1240 884 di-

143 906 250 935 ceret.
294 899 468 937 Nemone
494 900 732 951 Philippum,
756 908 834 938 tam
859 913 1012 938 suavem
1037 907 1236 948 oratorem,

143 958 222 988 tam
241 965 407 1002 gravem,
424 960 502 990 tam
517 953 694 998 facetum,
714 954 772 991 his
791 954 1002 1001 anteferret,
1019 966 1133 1004 quem
1152 965 1238 991 nos-

144 1004 307 1055 metipsi,
342 1006 408 1056 qui
434 1005 514 1044 haec
541 1014 618 1044 arte
651 1007 778 1057 aliqua
807 1007 981 1044 volumus
1013 1006 1236 1056 expendere,

145 1059 362 1107 proximum
377 1058 451 1096 illis
469 1059 583 1097 fuisse
601 1059 767 1097 diximus
781 1062 798 1097 Ρ
828 1060 955 1096 Nemo
973 1059 1149 1110 profecto.
1192 1059 1239 1096 Id

145 1111 246 1148 enim
255 1111 380 1162 ipsum
391 1119 445 1149 est
453 1112 592 1150 summi
603 1112 770 1158 oratoris,
780 1125 975 1150 summum
983 1120 1162 1150 oratorem
1173 1125 1241 1163 po-

145 1165 237 1215 pulo
249 1165 376 1203 videri.
397 1165 526 1212 Quare
541 1164 682 1217 [quod]
693 1165 829 1203 tibicen
840 1165 1092 1215 Antigenidas
1104 1165 1241 1202 dixerit

147 1219 329 1269 discipulo
347 1231 434 1256 sane
451 1217 605 1269 frigenti
623 1219 670 1256 ad
694 1219 896 1270 populum,
927 1220 954 1240 ‘⁶
975 1219 1079 1256 Mihi
1097 1231 1187 1256 cane
1205 1225 1241 1256 et

148 1272 274 1310 Musis
288 1272 329 1308 :''
348 1284 417 1322 ego
430 1272 518 1309 huic
533 1273 655 1310 Bruto
669 1272 820 1319 dicenti,
840 1279 884 1309 ut
902 1271 1124 1322 solet,.apud
1143 1271 1245 1308 mul-

148 1325 364 1372 titudinem,
395 1327 422 1346 “
439 1324 543 1362 Mihi
561 1337 651 1363 cane
670 1332 707 1363 et
723 1325 878 1375 populo,
898 1324 953 1361 mi
972 1324 1134 1372 Brute,''
1160 1323 1245 1362 dix-

151 1379 269 1424 erim;
299 1385 356 1424 ut,
383 1377 450 1428 qui
475 1378 643 1425 audiant,
671 1378 763 1429 quid
786 1377 989 1423 efficiatur3
1020 1390 1102 1428 ego,
1131 1377 1245 1414 etiam

151 1445 217 1470 cur
231 1432 270 1469 id
285 1431 477 1477 efficiatur,
492 1431 714 1482 intelligam.
744 1430 873 1468 Credit
883 1431 942 1478 iis,
958 1443 1043 1481 quae
1057 1430 1246 1478 dicuntur,

153 1485 220 1536 qui
239 1484 344 1522 audit
361 1491 570 1529 oratorem3
599 1497 686 1522 vera
710 1491 832 1535 putat,
853 1484 1065 1530 assentitur,
1085 1485 1244 1534 probat;

153 1538 267 1576 fidem
281 1537 371 1575 facit
389 1538 529 1575 oratio:
551 1545 607 1583 tu,
627 1537 776 1585 artifex,
797 1536 889 1588 quid
904 1537 1038 1588 quaeris
1052 1537 1216 1587 amplius
1229 1539 1247 1575 ‚⁹

154 1591 375 1629 Delectatur
393 1590 546 1628 audiens
561 1590 780 1637 multitudo,
801 1597 837 1628 et
855 1589 1004 1627 ducitur
1017 1590 1196 1637 oratione,
1213 1596 1250 1627 et

154 1645 262 1696 quasi
293 1644 486 1694 voluptate
516 1643 683 1694 quadam
714 1642 975 1694 perfunditur:
1013 1643 1106 1694 quid
1136 1643 1252 1681 habes

156 1697 259 1749 quod
283 1697 448 1747 disputes
462 1700 480 1735 ‚⁹
510 1697 674 1745 Gaudet,
701 1697 815 1743 dolet,
842 1696 950 1742 ridet,
976 1697 1113 1747 plorat,
1136 1695 1250 1743 favet,

155 1751 248 1799 odit,
269 1749 486 1798 contemnit,
502 1750 657 1797 invidet,
678 1750 726 1787 ad
739 1749 1032 1788 misericordiam
1046 1749 1250 1796 inducitur,

156 1804 205 1842 ad
218 1803 454 1855 pudendum,
474 1803 522 1841 ad
535 1803 756 1854 pigendum,
775 1802 958 1846 irascitur,
978 1802 1151 1848 miratur,
1172 1814 1255 1852 spe-

157 1863 230 1904 rat,
251 1857 381 1894 timet:
401 1856 482 1894 haec
499 1856 653 1908 perinde
671 1856 857 1902 accidunt,
877 1862 921 1893 ut
939 1868 1083 1903 eorum,
1104 1854 1170 1905 qui
1188 1854 1255 1891 ad-

159 1917 261 1957 sunt,
280 1916 424 1947 mentes
438 1910 558 1948 verbis
573 1916 609 1947 et
623 1909 813 1948 sententiis
829 1916 865 1946 et
879 1909 1022 1946 actione
1037 1914 1253 1945 tractantur.

161 1962 270 2009 Quid
288 1969 356 2010 est,
375 1963 478 2015 quod
496 1970 729 2014 exspectetur
747 1962 846 2000 docti
864 1962 1022 2010 alicujus
1041 1959 1223 1998 sententia
1237 1962 1255 1998 ‚⁹

163 2015 280 2063 Quod
305 2015 406 2053 enim
430 2018 564 2066 probat
587 2015 807 2062 multitudo,
827 2015 898 2052 hoc
916 2014 1017 2051 idem
1036 2013 1152 2051 doctis
1170 2025 1257 2063 pro-

161 2068 332 2107 bandum
350 2075 428 2106 est:
449 2068 611 2120 denique
624 2069 694 2106 hoc
710 2068 896 2119 specimen
917 2073 971 2105 est
989 2066 1180 2117 popularis
1195 2067 1258 2115 ju-

163 2121 265 2169 dicii,
291 2121 332 2158 in
351 2135 427 2172 quo
445 2134 641 2173 nunquam
662 2121 735 2159 fuit
752 2121 893 2172 populo
912 2133 998 2157 cum
1018 2119 1135 2158 doctis
1150 2119 1259 2156 intel-r

165 2173 442 2225 iigentibusque
464 2175 651 2213 dissensio.
693 2173 931 2212 Cummulti
957 2179 1077 2211 essent
1101 2178 1262 2211 oratores
