<?xml version="1.0" encoding="UTF-8"?>
<!DOCTYPE html PUBLIC "-//W3C//DTD XHTML 1.0 Transitional//EN"
    "http://www.w3.org/TR/xhtml1/DTD/xhtml1-transitional.dtd">
<html xmlns="http://www.w3.org/1999/xhtml" xml:lang="en" lang="en">
 <head>
  <title>
</title>
<meta http-equiv="Content-Type" content="text/html;charset=utf-8" />
  <meta name='ocr-system' content='tesseract 3.04.00' />
  <meta name='ocr-capabilities' content='ocr_page ocr_carea ocr_par ocr_line ocrx_word'/>
</head>
<body>
  <div class='ocr_page' id='page_1' title='image "./operaern01ciceuoft_0366.png"; bbox 0 0 1429 2344; ppageno 0'>
   <div class='ocr_carea' id='block_1_1' title="bbox 174 41 1171 91">
    <p class='ocr_par' dir='ltr' id='par_1_1' title="bbox 174 41 1171 91">
     <span class='ocr_line' id='line_1_1' title="bbox 174 41 1171 91; baseline -0.002 -9"><span class='ocrx_word' id='word_1_1' title='bbox 174 44 254 83; x_wconf 90' lang='grc'>348</span> <span class='ocrx_word' id='word_1_2' title='bbox 309 42 387 82; x_wconf 92' lang='lat' dir='ltr'>DE</span> <span class='ocrx_word' id='word_1_3' title='bbox 417 41 714 91; x_wconf 87' lang='lat' dir='ltr'>ORATORE,</span> <span class='ocrx_word' id='word_1_4' title='bbox 744 41 844 80; x_wconf 79' lang='lat' dir='ltr'>Lm.</span> <span class='ocrx_word' id='word_1_5' title='bbox 866 41 949 81; x_wconf 92' lang='lat' dir='ltr'>III.</span> <span class='ocrx_word' id='word_1_6' title='bbox 979 41 1084 81; x_wconf 80' lang='lat' dir='ltr'>CAP.</span> <span class='ocrx_word' id='word_1_7' title='bbox 1104 43 1171 87; x_wconf 88' lang='lat'>57.</span> 
     </span>
    </p>
   </div>
   <div class='ocr_carea' id='block_1_2' title="bbox 172 148 1300 2198">
    <p class='ocr_par' dir='ltr' id='par_1_2' title="bbox 172 148 1293 579">
     <span class='ocr_line' id='line_1_2' title="bbox 172 148 1290 202; baseline -0.001 -13"><span class='ocrx_word' id='word_1_8' title='bbox 172 164 222 189; x_wconf 83' lang='lat' dir='ltr'>an</span> <span class='ocrx_word' id='word_1_9' title='bbox 240 152 345 200; x_wconf 87' lang='lat' dir='ltr'>belli,</span> <span class='ocrx_word' id='word_1_10' title='bbox 366 148 615 190; x_wconf 73' lang='lat' dir='ltr'>festinationis</span> <span class='ocrx_word' id='word_1_11' title='bbox 640 163 689 188; x_wconf 84' lang='lat' dir='ltr'>an</span> <span class='ocrx_word' id='word_1_12' title='bbox 714 150 792 188; x_wconf 77' lang='lat' dir='ltr'>otii.</span> <span class='ocrx_word' id='word_1_13' title='bbox 834 151 971 202; x_wconf 85' lang='lat' dir='ltr'>Itaque</span> <span class='ocrx_word' id='word_1_14' title='bbox 991 149 1063 188; x_wconf 89' lang='lat' dir='ltr'>hoc</span> <span class='ocrx_word' id='word_1_15' title='bbox 1087 149 1170 189; x_wconf 91' lang='lat' dir='ltr'>loco</span> <span class='ocrx_word' id='word_1_16' title='bbox 1191 149 1290 188; x_wconf 88' lang='lat' dir='ltr'>nihil</span> 
     </span>
     <span class='ocr_line' id='line_1_3' title="bbox 172 204 1287 266; baseline -0.002 -23"><span class='ocrx_word' id='word_1_17' title='bbox 172 218 261 243; x_wconf 88' lang='lat' dir='ltr'>sane</span> <span class='ocrx_word' id='word_1_18' title='bbox 280 214 348 253; x_wconf 88' lang='lat' dir='ltr'>est,</span> <span class='ocrx_word' id='word_1_19' title='bbox 370 205 473 257; x_wconf 87' lang='lat' dir='ltr'>quod</span> <span class='ocrx_word' id='word_1_20' title='bbox 491 205 645 256; x_wconf 87' lang='lat' dir='ltr'>praecipi</span> <span class='ocrx_word' id='word_1_21' title='bbox 659 217 766 255; x_wconf 87' lang='lat' dir='ltr'>posse</span> <span class='ocrx_word' id='word_1_22' title='bbox 780 204 966 266; x_wconf 81' lang='lat' dir='ltr'>videatur,</span> <span class='ocrx_word' id='word_1_23' title='bbox 982 204 1055 242; x_wconf 92' lang='lat' dir='ltr'>nisi</span> <span class='ocrx_word' id='word_1_24' title='bbox 1066 211 1111 242; x_wconf 89' lang='lat' dir='ltr'>ut</span> <span class='ocrx_word' id='word_1_25' title='bbox 1124 204 1287 254; x_wconf 88' lang='lat' dir='ltr'>figuram</span> 
     </span>
     <span class='ocr_line' id='line_1_4' title="bbox 172 257 1289 310; baseline -0.002 -13"><span class='ocrx_word' id='word_1_26' title='bbox 172 260 350 297; x_wconf 87' lang='lat' dir='ltr'>orationis</span> <span class='ocrx_word' id='word_1_27' title='bbox 369 259 561 310; x_wconf 85' lang='lat' dir='ltr'>plenioris,</span> <span class='ocrx_word' id='word_1_28' title='bbox 586 267 623 296; x_wconf 87' lang='lat' dir='ltr'>et</span> <span class='ocrx_word' id='word_1_29' title='bbox 646 258 838 305; x_wconf 82' lang='lat' dir='ltr'>tenuioris,</span> <span class='ocrx_word' id='word_1_30' title='bbox 860 266 896 296; x_wconf 86' lang='lat' dir='ltr'>et</span> <span class='ocrx_word' id='word_1_31' title='bbox 913 258 1004 296; x_wconf 89' lang='lat' dir='ltr'>item</span> <span class='ocrx_word' id='word_1_32' title='bbox 1022 257 1126 295; x_wconf 85' lang='lat' dir='ltr'>illius</span> <span class='ocrx_word' id='word_1_33' title='bbox 1143 257 1289 295; x_wconf 86' lang='lat' dir='ltr'>medio-</span> 
     </span>
     <span class='ocr_line' id='line_1_5' title="bbox 175 311 1288 372; baseline -0.002 -22"><span class='ocrx_word' id='word_1_34' title='bbox 175 313 259 359; x_wconf 88' lang='lat' dir='ltr'>cris,</span> <span class='ocrx_word' id='word_1_35' title='bbox 282 313 330 350; x_wconf 88' lang='lat' dir='ltr'>ad</span> <span class='ocrx_word' id='word_1_36' title='bbox 348 313 401 360; x_wconf 84' lang='lat' dir='ltr'>id,</span> <span class='ocrx_word' id='word_1_37' title='bbox 423 313 526 364; x_wconf 85' lang='lat' dir='ltr'>quod</span> <span class='ocrx_word' id='word_1_38' title='bbox 545 313 674 363; x_wconf 86' lang='lat' dir='ltr'>agimu</span> <span class='ocrx_word' id='word_1_39' title='bbox 666 326 708 358; x_wconf 90' lang='lat' dir='ltr'>s,</span> <span class='ocrx_word' id='word_1_40' title='bbox 725 312 1049 350; x_wconf 82' lang='lat' dir='ltr'>accommodatam</span> <span class='ocrx_word' id='word_1_41' title='bbox 1064 311 1288 372; x_wconf 87' lang='lat' dir='ltr'><strong>deligamus.</strong></span> 
     </span>
     <span class='ocr_line' id='line_1_6' title="bbox 176 342 1290 413; baseline -0.001 -10"><span class='ocrx_word' id='word_1_42' title='bbox 176 342 424 405; x_wconf 84' lang='lat' dir='ltr'><strong>Ornamentis</strong></span> <span class='ocrx_word' id='word_1_43' title='bbox 448 367 583 404; x_wconf 87' lang='lat' dir='ltr'>iisdem</span> <span class='ocrx_word' id='word_1_44' title='bbox 609 366 666 403; x_wconf 92' lang='lat' dir='ltr'>uti</span> <span class='ocrx_word' id='word_1_45' title='bbox 691 365 767 404; x_wconf 90' lang='lat' dir='ltr'>fere</span> <span class='ocrx_word' id='word_1_46' title='bbox 791 366 932 413; x_wconf 77' lang='lat' dir='ltr'>licebit,</span> <span class='ocrx_word' id='word_1_47' title='bbox 953 365 1044 404; x_wconf 86' lang='lat' dir='ltr'>alias</span> <span class='ocrx_word' id='word_1_48' title='bbox 1063 365 1290 413; x_wconf 89' lang='lat' dir='ltr'>contentius,</span> 
     </span>
     <span class='ocr_line' id='line_1_7' title="bbox 175 419 1290 470; baseline -0.001 -13"><span class='ocrx_word' id='word_1_49' title='bbox 175 420 267 458; x_wconf 89' lang='lat' dir='ltr'>alias</span> <span class='ocrx_word' id='word_1_50' title='bbox 286 421 534 459; x_wconf 80' lang='lat' dir='ltr'>submissius.</span> <span class='ocrx_word' id='word_1_51' title='bbox 567 419 748 470; x_wconf 86' lang='lat' dir='ltr'>omnique</span> <span class='ocrx_word' id='word_1_52' title='bbox 766 420 807 456; x_wconf 89' lang='lat' dir='ltr'>in</span> <span class='ocrx_word' id='word_1_53' title='bbox 826 433 865 457; x_wconf 89' lang='lat' dir='ltr'>re</span> <span class='ocrx_word' id='word_1_54' title='bbox 884 432 1005 470; x_wconf 89' lang='lat' dir='ltr'>posse,</span> <span class='ocrx_word' id='word_1_55' title='bbox 1026 419 1128 470; x_wconf 91' lang='lat' dir='ltr'>quod</span> <span class='ocrx_word' id='word_1_56' title='bbox 1147 419 1290 467; x_wconf 87' lang='lat' dir='ltr'>deceat,</span> 
     </span>
     <span class='ocr_line' id='line_1_8' title="bbox 175 473 1293 524; baseline -0.001 -13"><span class='ocrx_word' id='word_1_57' title='bbox 175 474 311 522; x_wconf 86' lang='lat' dir='ltr'>facere,</span> <span class='ocrx_word' id='word_1_58' title='bbox 340 475 429 512; x_wconf 83' lang='lat' dir='ltr'>artis</span> <span class='ocrx_word' id='word_1_59' title='bbox 456 483 492 513; x_wconf 90' lang='lat' dir='ltr'>et</span> <span class='ocrx_word' id='word_1_60' title='bbox 517 482 663 512; x_wconf 85' lang='lat' dir='ltr'>naturae</span> <span class='ocrx_word' id='word_1_61' title='bbox 691 481 770 520; x_wconf 83' lang='lat' dir='ltr'>est3</span> <span class='ocrx_word' id='word_1_62' title='bbox 805 474 912 522; x_wconf 86' lang='lat' dir='ltr'>scire,</span> <span class='ocrx_word' id='word_1_63' title='bbox 941 473 1036 524; x_wconf 89' lang='lat' dir='ltr'>quid</span> <span class='ocrx_word' id='word_1_64' title='bbox 1062 473 1293 524; x_wconf 87' lang='lat' dir='ltr'>quandoque</span> 
     </span>
     <span class='ocr_line' id='line_1_9' title="bbox 175 527 563 579; baseline 0.003 -14"><span class='ocrx_word' id='word_1_65' title='bbox 175 527 318 575; x_wconf 87' lang='lat' dir='ltr'>deceat,</span> <span class='ocrx_word' id='word_1_66' title='bbox 338 529 563 579; x_wconf 87' lang='lat' dir='ltr'>prudentiae.</span> 
     </span>
    </p>

    <p class='ocr_par' dir='ltr' id='par_1_3' title="bbox 175 580 1299 1592">
     <span class='ocr_line' id='line_1_10' title="bbox 230 580 1295 633; baseline -0.002 -13"><span class='ocrx_word' id='word_1_67' title='bbox 230 582 344 621; x_wconf 89' lang='lat' dir='ltr'><strong>LVI.</strong></span> <span class='ocrx_word' id='word_1_68' title='bbox 372 582 446 621; x_wconf 86' lang='lat' dir='ltr'>Sed</span> <span class='ocrx_word' id='word_1_69' title='bbox 465 583 546 620; x_wconf 87' lang='lat' dir='ltr'>haec</span> <span class='ocrx_word' id='word_1_70' title='bbox 564 583 647 633; x_wconf 89' lang='lat' dir='ltr'>ipsa</span> <span class='ocrx_word' id='word_1_71' title='bbox 666 581 795 620; x_wconf 87' lang='lat' dir='ltr'>omnia</span> <span class='ocrx_word' id='word_1_72' title='bbox 811 580 968 632; x_wconf 86' lang='lat' dir='ltr'>perinde</span> <span class='ocrx_word' id='word_1_73' title='bbox 987 587 1088 629; x_wconf 91' lang='lat' dir='ltr'>sunt,</span> <span class='ocrx_word' id='word_1_74' title='bbox 1108 587 1153 619; x_wconf 86' lang='lat' dir='ltr'>ut</span> <span class='ocrx_word' id='word_1_75' title='bbox 1171 593 1295 632; x_wconf 85' lang='lat' dir='ltr'>agun-</span> 
     </span>
     <span class='ocr_line' id='line_1_11' title="bbox 175 635 1296 688; baseline -0.001 -15"><span class='ocrx_word' id='word_1_76' title='bbox 175 642 250 673; x_wconf 88' lang='lat' dir='ltr'>tur.</span> <span class='ocrx_word' id='word_1_77' title='bbox 281 636 411 684; x_wconf 84' lang='lat' dir='ltr'>Actio,</span> <span class='ocrx_word' id='word_1_78' title='bbox 428 637 601 688; x_wconf 86' lang='lat' dir='ltr'>inquam,</span> <span class='ocrx_word' id='word_1_79' title='bbox 622 636 662 673; x_wconf 92' lang='lat' dir='ltr'>in</span> <span class='ocrx_word' id='word_1_80' title='bbox 677 636 836 673; x_wconf 86' lang='lat' dir='ltr'>dicendo</span> <span class='ocrx_word' id='word_1_81' title='bbox 850 648 929 672; x_wconf 90' lang='lat' dir='ltr'>una</span> <span class='ocrx_word' id='word_1_82' title='bbox 943 635 1171 673; x_wconf 87' lang='lat' dir='ltr'>dominatur.</span> <span class='ocrx_word' id='word_1_83' title='bbox 1203 635 1296 673; x_wconf 86' lang='lat' dir='ltr'>Sine</span> 
     </span>
     <span class='ocr_line' id='line_1_12' title="bbox 175 689 1295 740; baseline -0.001 -13"><span class='ocrx_word' id='word_1_84' title='bbox 175 689 247 727; x_wconf 89' lang='lat' dir='ltr'>hac</span> <span class='ocrx_word' id='word_1_85' title='bbox 266 704 440 728; x_wconf 87' lang='lat' dir='ltr'>summus</span> <span class='ocrx_word' id='word_1_86' title='bbox 460 698 584 728; x_wconf 88' lang='lat' dir='ltr'>orator</span> <span class='ocrx_word' id='word_1_87' title='bbox 603 703 680 728; x_wconf 87' lang='lat' dir='ltr'>esse</span> <span class='ocrx_word' id='word_1_88' title='bbox 694 690 735 727; x_wconf 92' lang='lat' dir='ltr'>in</span> <span class='ocrx_word' id='word_1_89' title='bbox 748 702 908 727; x_wconf 91' lang='lat' dir='ltr'>numero</span> <span class='ocrx_word' id='word_1_90' title='bbox 923 689 1030 726; x_wconf 90' lang='lat' dir='ltr'>nullo</span> <span class='ocrx_word' id='word_1_91' title='bbox 1044 696 1188 740; x_wconf 86' lang='lat' dir='ltr'>potest:</span> <span class='ocrx_word' id='word_1_92' title='bbox 1212 701 1295 726; x_wconf 90' lang='lat' dir='ltr'>me·-</span> 
     </span>
     <span class='ocr_line' id='line_1_13' title="bbox 176 742 1296 794; baseline -0.001 -13"><span class='ocrx_word' id='word_1_93' title='bbox 176 744 325 792; x_wconf 85' lang='lat' dir='ltr'>diocris,</span> <span class='ocrx_word' id='word_1_94' title='bbox 346 745 417 782; x_wconf 86' lang='lat' dir='ltr'>hac</span> <span class='ocrx_word' id='word_1_95' title='bbox 435 745 654 791; x_wconf 89' lang='lat' dir='ltr'>instructus,</span> <span class='ocrx_word' id='word_1_96' title='bbox 676 756 846 781; x_wconf 90' lang='lat' dir='ltr'>summos</span> <span class='ocrx_word' id='word_1_97' title='bbox 861 756 958 794; x_wconf 88' lang='lat' dir='ltr'>saepe</span> <span class='ocrx_word' id='word_1_98' title='bbox 973 756 1159 793; x_wconf 90' lang='lat' dir='ltr'>superare.</span> <span class='ocrx_word' id='word_1_99' title='bbox 1188 742 1296 781; x_wconf 90' lang='lat' dir='ltr'>Huic</span> 
     </span>
     <span class='ocr_line' id='line_1_14' title="bbox 175 797 1292 848; baseline -0.002 -12"><span class='ocrx_word' id='word_1_100' title='bbox 175 798 318 848; x_wconf 88' lang='lat' dir='ltr'>primas</span> <span class='ocrx_word' id='word_1_101' title='bbox 338 798 482 836; x_wconf 84' lang='lat' dir='ltr'>dedisse</span> <span class='ocrx_word' id='word_1_102' title='bbox 502 798 779 836; x_wconf 86' lang='lat' dir='ltr'>Demosthenes</span> <span class='ocrx_word' id='word_1_103' title='bbox 799 797 950 844; x_wconf 86' lang='lat' dir='ltr'>dicitur,</span> <span class='ocrx_word' id='word_1_104' title='bbox 972 810 1061 835; x_wconf 88' lang='grc'>011111</span> <span class='ocrx_word' id='word_1_105' title='bbox 1083 804 1292 848; x_wconf 86' lang='lat' dir='ltr'>rogaretur,</span> 
     </span>
     <span class='ocr_line' id='line_1_15' title="bbox 176 850 1296 903; baseline -0.001 -14"><span class='ocrx_word' id='word_1_106' title='bbox 176 852 270 902; x_wconf 88' lang='lat' dir='ltr'>quid</span> <span class='ocrx_word' id='word_1_107' title='bbox 288 853 329 889; x_wconf 92' lang='lat' dir='ltr'>in</span> <span class='ocrx_word' id='word_1_108' title='bbox 348 853 506 890; x_wconf 89' lang='lat' dir='ltr'>dicendo</span> <span class='ocrx_word' id='word_1_109' title='bbox 526 859 620 890; x_wconf 92' lang='lat' dir='ltr'>esset</span> <span class='ocrx_word' id='word_1_110' title='bbox 645 852 841 903; x_wconf 84' lang='lat' dir='ltr'>primum;</span> <span class='ocrx_word' id='word_1_111' title='bbox 871 851 961 888; x_wconf 91' lang='lat' dir='ltr'>huic</span> <span class='ocrx_word' id='word_1_112' title='bbox 986 851 1181 898; x_wconf 87' lang='lat' dir='ltr'>secundas,</span> <span class='ocrx_word' id='word_1_113' title='bbox 1205 850 1296 889; x_wconf 89' lang='grc'>111110</span> 
     </span>
     <span class='ocr_line' id='line_1_16' title="bbox 176 904 1297 954; baseline 0 -11"><span class='ocrx_word' id='word_1_114' title='bbox 176 907 316 944; x_wconf 87' lang='lat' dir='ltr'>tertias.</span> <span class='ocrx_word' id='word_1_115' title='bbox 361 907 451 954; x_wconf 85' lang='lat' dir='ltr'>Quo</span> <span class='ocrx_word' id='word_1_116' title='bbox 480 907 576 944; x_wconf 90' lang='lat' dir='ltr'>mihi</span> <span class='ocrx_word' id='word_1_117' title='bbox 606 906 743 943; x_wconf 91' lang='lat' dir='ltr'>melius</span> <span class='ocrx_word' id='word_1_118' title='bbox 774 905 890 943; x_wconf 89' lang='lat' dir='ltr'>etiam</span> <span class='ocrx_word' id='word_1_119' title='bbox 914 905 1013 942; x_wconf 83' lang='lat' dir='ltr'>illud</span> <span class='ocrx_word' id='word_1_120' title='bbox 1038 906 1086 942; x_wconf 89' lang='lat' dir='ltr'>ab</span> <span class='ocrx_word' id='word_1_121' title='bbox 1112 904 1297 943; x_wconf 88' lang='lat' dir='ltr'>AEschine</span> 
     </span>
     <span class='ocr_line' id='line_1_17' title="bbox 178 958 1297 1011; baseline 0 -14"><span class='ocrx_word' id='word_1_122' title='bbox 178 959 324 997; x_wconf 87' lang='lat' dir='ltr'>dictum</span> <span class='ocrx_word' id='word_1_123' title='bbox 349 961 467 998; x_wconf 84' lang='lat' dir='ltr'>videri</span> <span class='ocrx_word' id='word_1_124' title='bbox 493 961 610 1005; x_wconf 85' lang='lat' dir='ltr'>solet;</span> <span class='ocrx_word' id='word_1_125' title='bbox 647 960 727 1011; x_wconf 91' lang='lat' dir='ltr'>qui,</span> <span class='ocrx_word' id='word_1_126' title='bbox 753 972 842 997; x_wconf 90' lang='lat' dir='ltr'>cum</span> <span class='ocrx_word' id='word_1_127' title='bbox 866 966 1019 1010; x_wconf 87' lang='lat' dir='ltr'>propter</span> <span class='ocrx_word' id='word_1_128' title='bbox 1043 958 1297 1009; x_wconf 82' lang='lat' dir='ltr'>ignominiam</span> 
     </span>
     <span class='ocr_line' id='line_1_18' title="bbox 175 1012 1293 1063; baseline -0.002 -12"><span class='ocrx_word' id='word_1_129' title='bbox 175 1014 311 1063; x_wconf 77' lang='lat' dir='ltr'>judicii</span> <span class='ocrx_word' id='word_1_130' title='bbox 336 1015 501 1052; x_wconf 85' lang='lat' dir='ltr'>cessisset</span> <span class='ocrx_word' id='word_1_131' title='bbox 526 1014 707 1060; x_wconf 83' lang='lat' dir='ltr'>Athenis,</span> <span class='ocrx_word' id='word_1_132' title='bbox 737 1021 774 1051; x_wconf 88' lang='lat' dir='ltr'>et</span> <span class='ocrx_word' id='word_1_133' title='bbox 800 1027 837 1051; x_wconf 88' lang='lat' dir='ltr'>se</span> <span class='ocrx_word' id='word_1_134' title='bbox 856 1012 1042 1050; x_wconf 83' lang='lat' dir='ltr'>Rhodum</span> <span class='ocrx_word' id='word_1_135' title='bbox 1061 1012 1293 1060; x_wconf 77' lang='lat' dir='ltr'>contulisset,</span> 
     </span>
     <span class='ocr_line' id='line_1_19' title="bbox 179 1066 1295 1118; baseline -0.003 -12"><span class='ocrx_word' id='word_1_136' title='bbox 179 1075 333 1118; x_wconf 89' lang='lat' dir='ltr'>rogatus</span> <span class='ocrx_word' id='word_1_137' title='bbox 365 1082 388 1105; x_wconf 89' lang='lat' dir='ltr'>a</span> <span class='ocrx_word' id='word_1_138' title='bbox 420 1068 596 1115; x_wconf 83' lang='lat' dir='ltr'>Rhodiis,</span> <span class='ocrx_word' id='word_1_139' title='bbox 629 1068 764 1118; x_wconf 87' lang='lat' dir='ltr'>legisse</span> <span class='ocrx_word' id='word_1_140' title='bbox 795 1067 915 1105; x_wconf 86' lang='lat' dir='ltr'>fertur</span> <span class='ocrx_word' id='word_1_141' title='bbox 947 1066 1154 1104; x_wconf 87' lang='lat' dir='ltr'>orationem</span> <span class='ocrx_word' id='word_1_142' title='bbox 1186 1066 1295 1104; x_wconf 82' lang='lat' dir='ltr'>illam</span> 
     </span>
     <span class='ocr_line' id='line_1_20' title="bbox 180 1120 1298 1173; baseline -0.002 -13"><span class='ocrx_word' id='word_1_143' title='bbox 180 1122 384 1172; x_wconf 83' lang='lat' dir='ltr'>egregiam,</span> <span class='ocrx_word' id='word_1_144' title='bbox 406 1135 523 1173; x_wconf 88' lang='lat' dir='ltr'>quam</span> <span class='ocrx_word' id='word_1_145' title='bbox 548 1123 588 1159; x_wconf 91' lang='lat' dir='ltr'>in</span> <span class='ocrx_word' id='word_1_146' title='bbox 616 1121 901 1172; x_wconf 85' lang='lat' dir='ltr'>Ctesiphontem</span> <span class='ocrx_word' id='word_1_147' title='bbox 920 1127 1050 1158; x_wconf 88' lang='lat' dir='ltr'>contra</span> <span class='ocrx_word' id='word_1_148' title='bbox 1068 1120 1298 1158; x_wconf 82' lang='lat' dir='ltr'>Demosthe·</span> 
     </span>
     <span class='ocr_line' id='line_1_21' title="bbox 179 1173 1296 1227; baseline -0.003 -13"><span class='ocrx_word' id='word_1_149' title='bbox 179 1189 270 1214; x_wconf 92' lang='lat' dir='ltr'>nem</span> <span class='ocrx_word' id='word_1_150' title='bbox 289 1176 456 1214; x_wconf 80' lang='lat' dir='ltr'>dixerat:</span> <span class='ocrx_word' id='word_1_151' title='bbox 483 1177 560 1227; x_wconf 62' lang='lat' dir='ltr'>qua</span> <span class='ocrx_word' id='word_1_152' title='bbox 577 1176 756 1226; x_wconf 65' lang='lat' dir='ltr'>perlecta,</span> <span class='ocrx_word' id='word_1_153' title='bbox 775 1175 939 1226; x_wconf 89' lang='lat' dir='ltr'>petitum</span> <span class='ocrx_word' id='word_1_154' title='bbox 959 1181 1013 1212; x_wconf 91' lang='lat' dir='ltr'>est</span> <span class='ocrx_word' id='word_1_155' title='bbox 1031 1176 1078 1211; x_wconf 92' lang='lat' dir='ltr'>ab</span> <span class='ocrx_word' id='word_1_156' title='bbox 1099 1186 1142 1211; x_wconf 89' lang='lat' dir='ltr'>eo</span> <span class='ocrx_word' id='word_1_157' title='bbox 1160 1173 1296 1225; x_wconf 88' lang='lat' dir='ltr'>postri-</span> 
     </span>
     <span class='ocr_line' id='line_1_22' title="bbox 181 1227 1299 1280; baseline -0.003 -13"><span class='ocrx_word' id='word_1_158' title='bbox 181 1230 256 1277; x_wconf 91' lang='lat' dir='ltr'>die,</span> <span class='ocrx_word' id='word_1_159' title='bbox 277 1237 321 1267; x_wconf 89' lang='lat' dir='ltr'>ut</span> <span class='ocrx_word' id='word_1_160' title='bbox 345 1231 486 1280; x_wconf 86' lang='lat' dir='ltr'>legeret</span> <span class='ocrx_word' id='word_1_161' title='bbox 510 1230 617 1266; x_wconf 76' lang='lat' dir='ltr'>illam</span> <span class='ocrx_word' id='word_1_162' title='bbox 643 1229 771 1276; x_wconf 89' lang='lat' dir='ltr'>etiam,</span> <span class='ocrx_word' id='word_1_163' title='bbox 799 1242 886 1279; x_wconf 86' lang='lat' dir='ltr'>quae</span> <span class='ocrx_word' id='word_1_164' title='bbox 911 1235 990 1265; x_wconf 88' lang='lat' dir='ltr'>erat</span> <span class='ocrx_word' id='word_1_165' title='bbox 1014 1234 1144 1265; x_wconf 88' lang='lat' dir='ltr'>contra</span> <span class='ocrx_word' id='word_1_166' title='bbox 1167 1241 1190 1265; x_wconf 87' lang='lat' dir='ltr'>a</span> <span class='ocrx_word' id='word_1_167' title='bbox 1215 1227 1299 1265; x_wconf 88' lang='lat' dir='ltr'>De-</span> 
     </span>
     <span class='ocr_line' id='line_1_23' title="bbox 180 1281 1298 1334; baseline -0.003 -13"><span class='ocrx_word' id='word_1_168' title='bbox 180 1284 378 1321; x_wconf 89' lang='lat' dir='ltr'>mosthene</span> <span class='ocrx_word' id='word_1_169' title='bbox 396 1297 464 1334; x_wconf 91' lang='lat' dir='ltr'>pro</span> <span class='ocrx_word' id='word_1_170' title='bbox 484 1283 729 1333; x_wconf 86' lang='lat' dir='ltr'>Ctesiphonte</span> <span class='ocrx_word' id='word_1_171' title='bbox 749 1282 872 1320; x_wconf 82' lang='lat' dir='ltr'>edita:</span> <span class='ocrx_word' id='word_1_172' title='bbox 905 1294 1023 1332; x_wconf 86' lang='lat' dir='ltr'>quam</span> <span class='ocrx_word' id='word_1_173' title='bbox 1043 1294 1131 1319; x_wconf 91' lang='lat' dir='ltr'>cum</span> <span class='ocrx_word' id='word_1_174' title='bbox 1153 1281 1298 1319; x_wconf 84' lang='lat' dir='ltr'>suavis-</span> 
     </span>
     <span class='ocr_line' id='line_1_24' title="bbox 182 1335 1296 1386; baseline -0.003 -11"><span class='ocrx_word' id='word_1_175' title='bbox 182 1338 280 1375; x_wconf 66' lang='lat' dir='ltr'>sima</span> <span class='ocrx_word' id='word_1_176' title='bbox 295 1344 331 1375; x_wconf 89' lang='lat' dir='ltr'>et</span> <span class='ocrx_word' id='word_1_177' title='bbox 344 1337 516 1375; x_wconf 61' lang='lat' dir='ltr'>maxima</span> <span class='ocrx_word' id='word_1_178' title='bbox 531 1349 619 1375; x_wconf 90' lang='lat' dir='ltr'>voce</span> <span class='ocrx_word' id='word_1_179' title='bbox 633 1336 797 1386; x_wconf 86' lang='lat' dir='ltr'>legisset,</span> <span class='ocrx_word' id='word_1_180' title='bbox 813 1335 1088 1373; x_wconf 86' lang='lat' dir='ltr'>admirantibus</span> <span class='ocrx_word' id='word_1_181' title='bbox 1102 1335 1296 1383; x_wconf 86' lang='lat' dir='ltr'>omnibus,</span> 
     </span>
     <span class='ocr_line' id='line_1_25' title="bbox 182 1388 1297 1442; baseline -0.002 -13"><span class='ocrx_word' id='word_1_182' title='bbox 182 1391 355 1439; x_wconf 86' lang='lat' dir='ltr'>Quanto,</span> <span class='ocrx_word' id='word_1_183' title='bbox 387 1391 526 1442; x_wconf 89' lang='lat' dir='ltr'>inquit,</span> <span class='ocrx_word' id='word_1_184' title='bbox 555 1390 678 1440; x_wconf 88' lang='lat' dir='ltr'>magis</span> <span class='ocrx_word' id='word_1_185' title='bbox 708 1389 1005 1436; x_wconf 86' lang='lat' dir='ltr'>admiraremini,</span> <span class='ocrx_word' id='word_1_186' title='bbox 1036 1389 1067 1427; x_wconf 92' lang='lat' dir='ltr'>si</span> <span class='ocrx_word' id='word_1_187' title='bbox 1099 1388 1297 1427; x_wconf 79' lang='lat' dir='ltr'>audissetis</span> 
     </span>
     <span class='ocr_line' id='line_1_26' title="bbox 181 1442 1298 1497; baseline -0.003 -14"><span class='ocrx_word' id='word_1_188' title='bbox 181 1446 340 1497; x_wconf 81' lang='lat' dir='ltr'>ipsum?</span> <span class='ocrx_word' id='word_1_189' title='bbox 371 1445 435 1484; x_wconf 86' lang='lat' dir='ltr'>Ex</span> <span class='ocrx_word' id='word_1_190' title='bbox 454 1458 530 1496; x_wconf 93' lang='lat' dir='ltr'>quo</span> <span class='ocrx_word' id='word_1_191' title='bbox 550 1444 638 1482; x_wconf 88' lang='lat' dir='ltr'>satis</span> <span class='ocrx_word' id='word_1_192' title='bbox 664 1443 902 1494; x_wconf 86' lang='lat' dir='ltr'>significavit,</span> <span class='ocrx_word' id='word_1_193' title='bbox 923 1450 1112 1494; x_wconf 90' lang='lat' dir='ltr'>quantum</span> <span class='ocrx_word' id='word_1_194' title='bbox 1139 1450 1233 1480; x_wconf 90' lang='lat' dir='ltr'>esset</span> <span class='ocrx_word' id='word_1_195' title='bbox 1255 1442 1298 1480; x_wconf 90' lang='grc'>111</span> 
     </span>
     <span class='ocr_line' id='line_1_27' title="bbox 182 1497 1296 1550; baseline -0.003 -13"><span class='ocrx_word' id='word_1_196' title='bbox 182 1501 341 1546; x_wconf 88' lang='lat' dir='ltr'>actione,</span> <span class='ocrx_word' id='word_1_197' title='bbox 371 1500 438 1550; x_wconf 89' lang='lat' dir='ltr'>qui</span> <span class='ocrx_word' id='word_1_198' title='bbox 463 1499 670 1537; x_wconf 88' lang='lat' dir='ltr'>orationem</span> <span class='ocrx_word' id='word_1_199' title='bbox 694 1497 869 1536; x_wconf 88' lang='lat' dir='ltr'>eamdem</span> <span class='ocrx_word' id='word_1_200' title='bbox 892 1497 1009 1535; x_wconf 83' lang='lat' dir='ltr'>aliam</span> <span class='ocrx_word' id='word_1_201' title='bbox 1034 1510 1112 1536; x_wconf 91' lang='lat' dir='ltr'>esse</span> <span class='ocrx_word' id='word_1_202' title='bbox 1130 1503 1296 1548; x_wconf 82' lang='lat' dir='ltr'>putaret,</span> 
     </span>
     <span class='ocr_line' id='line_1_28' title="bbox 183 1561 487 1592; baseline -0.003 -1"><span class='ocrx_word' id='word_1_203' title='bbox 183 1561 306 1592; x_wconf 85' lang='lat' dir='ltr'>actore</span> <span class='ocrx_word' id='word_1_204' title='bbox 326 1561 487 1591; x_wconf 90' lang='lat' dir='ltr'>mutato.</span> 
     </span>
    </p>

    <p class='ocr_par' dir='ltr' id='par_1_4' title="bbox 179 1604 1300 2140">
     <span class='ocr_line' id='line_1_29' title="bbox 237 1604 1300 1658; baseline -0.002 -14"><span class='ocrx_word' id='word_1_205' title='bbox 237 1607 346 1654; x_wconf 87' lang='lat' dir='ltr'>Quid</span> <span class='ocrx_word' id='word_1_206' title='bbox 368 1607 479 1645; x_wconf 83' lang='lat' dir='ltr'>fuit</span> <span class='ocrx_word' id='word_1_207' title='bbox 468 1620 509 1644; x_wconf 91' lang='grc'>111</span> <span class='ocrx_word' id='word_1_208' title='bbox 537 1606 709 1645; x_wconf 90' lang='lat' dir='ltr'>Graccho</span> <span class='ocrx_word' id='word_1_209' title='bbox 734 1609 867 1658; x_wconf 91' lang='lat' dir='ltr'>(quem</span> <span class='ocrx_word' id='word_1_210' title='bbox 894 1612 952 1654; x_wconf 90' lang='grc'>111,</span> <span class='ocrx_word' id='word_1_211' title='bbox 980 1604 1131 1652; x_wconf 82' lang='lat' dir='ltr'>Catule,</span> <span class='ocrx_word' id='word_1_212' title='bbox 1159 1604 1300 1642; x_wconf 88' lang='lat' dir='ltr'>melius</span> 
     </span>
     <span class='ocr_line' id='line_1_30' title="bbox 181 1659 1296 1712; baseline -0.002 -14"><span class='ocrx_word' id='word_1_213' title='bbox 181 1661 422 1708; x_wconf 89' lang='lat' dir='ltr'>meministi),</span> <span class='ocrx_word' id='word_1_214' title='bbox 455 1661 573 1712; x_wconf 91' lang='lat' dir='ltr'>quod,</span> <span class='ocrx_word' id='word_1_215' title='bbox 608 1674 671 1699; x_wconf 91' lang='lat' dir='ltr'>me</span> <span class='ocrx_word' id='word_1_216' title='bbox 707 1673 840 1712; x_wconf 88' lang='lat' dir='ltr'>puero,</span> <span class='ocrx_word' id='word_1_217' title='bbox 872 1666 1067 1710; x_wconf 83' lang='lat' dir='ltr'>tantopere</span> <span class='ocrx_word' id='word_1_218' title='bbox 1098 1659 1296 1697; x_wconf 85' lang='lat' dir='ltr'>ferretur?</span> 
     </span>
     <span class='ocr_line' id='line_1_31' title="bbox 183 1711 1299 1765; baseline -0.003 -13"><span class='ocrx_word' id='word_1_219' title='bbox 183 1717 212 1737; x_wconf 84' lang='grc'><strong>“</strong></span> <span class='ocrx_word' id='word_1_220' title='bbox 233 1715 323 1762; x_wconf 88' lang='lat' dir='ltr'>Quo</span> <span class='ocrx_word' id='word_1_221' title='bbox 348 1727 411 1752; x_wconf 90' lang='lat' dir='ltr'>me</span> <span class='ocrx_word' id='word_1_222' title='bbox 436 1715 550 1752; x_wconf 87' lang='lat' dir='ltr'>miser</span> <span class='ocrx_word' id='word_1_223' title='bbox 570 1715 792 1753; x_wconf 77' lang='lat' dir='ltr'>conferam?</span> <span class='ocrx_word' id='word_1_224' title='bbox 822 1726 899 1765; x_wconf 93' lang='lat' dir='ltr'>quo</span> <span class='ocrx_word' id='word_1_225' title='bbox 918 1715 1095 1751; x_wconf 84' lang='lat' dir='ltr'>vertam?</span> <span class='ocrx_word' id='word_1_226' title='bbox 1123 1712 1164 1749; x_wconf 92' lang='lat' dir='ltr'>in</span> <span class='ocrx_word' id='word_1_227' title='bbox 1183 1711 1299 1762; x_wconf 88' lang='lat' dir='ltr'>Capi-</span> 
     </span>
     <span class='ocr_line' id='line_1_32' title="bbox 179 1765 1298 1819; baseline -0.004 -12"><span class='ocrx_word' id='word_1_228' title='bbox 179 1769 386 1807; x_wconf 87' lang='lat' dir='ltr'>toliumne.</span> <span class='ocrx_word' id='word_1_229' title='bbox 378 1771 394 1796; x_wconf 73' lang='lat'>&#39;³</span> <span class='ocrx_word' id='word_1_230' title='bbox 421 1776 460 1806; x_wconf 90' lang='lat' dir='ltr'>at</span> <span class='ocrx_word' id='word_1_231' title='bbox 474 1768 598 1806; x_wconf 89' lang='lat' dir='ltr'>fratris</span> <span class='ocrx_word' id='word_1_232' title='bbox 613 1768 796 1819; x_wconf 85' lang='lat' dir='ltr'>sanguine</span> <span class='ocrx_word' id='word_1_233' title='bbox 809 1767 1017 1805; x_wconf 88' lang='lat' dir='ltr'>redundat·</span> <span class='ocrx_word' id='word_1_234' title='bbox 1043 1779 1092 1804; x_wconf 91' lang='lat' dir='ltr'>an</span> <span class='ocrx_word' id='word_1_235' title='bbox 1111 1765 1298 1804; x_wconf 86' lang='lat' dir='ltr'>domum?</span> 
     </span>
     <span class='ocr_line' id='line_1_33' title="bbox 181 1819 1300 1871; baseline -0.003 -11"><span class='ocrx_word' id='word_1_236' title='bbox 181 1830 394 1860; x_wconf 89' lang='lat' dir='ltr'>matremne</span> <span class='ocrx_word' id='word_1_237' title='bbox 425 1829 468 1859; x_wconf 90' lang='lat' dir='ltr'>ut</span> <span class='ocrx_word' id='word_1_238' title='bbox 496 1822 674 1859; x_wconf 88' lang='lat' dir='ltr'>miseram</span> <span class='ocrx_word' id='word_1_239' title='bbox 705 1822 1056 1871; x_wconf 87' lang='lat' dir='ltr'>lamentantemque</span> <span class='ocrx_word' id='word_1_240' title='bbox 1085 1819 1234 1858; x_wconf 85' lang='lat' dir='ltr'>videam</span> <span class='ocrx_word' id='word_1_241' title='bbox 1262 1826 1300 1857; x_wconf 86' lang='lat' dir='ltr'>et</span> 
     </span>
     <span class='ocr_line' id='line_1_34' title="bbox 182 1875 1297 1926; baseline -0.004 -11"><span class='ocrx_word' id='word_1_242' title='bbox 182 1878 370 1926; x_wconf 85' lang='lat' dir='ltr'>abjectam</span> <span class='ocrx_word' id='word_1_243' title='bbox 381 1876 426 1914; x_wconf 79' lang='lat'>?”</span> <span class='ocrx_word' id='word_1_244' title='bbox 456 1875 557 1923; x_wconf 84' lang='lat' dir='ltr'>Quae</span> <span class='ocrx_word' id='word_1_245' title='bbox 572 1876 624 1913; x_wconf 91' lang='lat' dir='ltr'>sic</span> <span class='ocrx_word' id='word_1_246' title='bbox 642 1877 689 1913; x_wconf 91' lang='lat' dir='ltr'>ab</span> <span class='ocrx_word' id='word_1_247' title='bbox 709 1875 775 1913; x_wconf 90' lang='lat' dir='ltr'>illo</span> <span class='ocrx_word' id='word_1_248' title='bbox 795 1882 878 1913; x_wconf 90' lang='lat' dir='ltr'>acta</span> <span class='ocrx_word' id='word_1_249' title='bbox 892 1887 969 1912; x_wconf 90' lang='lat' dir='ltr'>esse</span> <span class='ocrx_word' id='word_1_250' title='bbox 984 1875 1191 1920; x_wconf 88' lang='lat' dir='ltr'>constabat,</span> <span class='ocrx_word' id='word_1_251' title='bbox 1207 1886 1297 1911; x_wconf 90' lang='lat' dir='ltr'>ocu-</span> 
     </span>
     <span class='ocr_line' id='line_1_35' title="bbox 181 1929 1296 1981; baseline -0.004 -13"><span class='ocrx_word' id='word_1_252' title='bbox 181 1931 242 1977; x_wconf 85' lang='lat' dir='ltr'>lis,</span> <span class='ocrx_word' id='word_1_253' title='bbox 253 1943 356 1978; x_wconf 89' lang='lat' dir='ltr'>voce,</span> <span class='ocrx_word' id='word_1_254' title='bbox 366 1936 488 1981; x_wconf 90' lang='lat' dir='ltr'>gestu,</span> <span class='ocrx_word' id='word_1_255' title='bbox 498 1929 643 1967; x_wconf 90' lang='lat' dir='ltr'>inimici</span> <span class='ocrx_word' id='word_1_256' title='bbox 654 1937 697 1967; x_wconf 94' lang='lat' dir='ltr'>ut</span> <span class='ocrx_word' id='word_1_257' title='bbox 707 1929 894 1980; x_wconf 84' lang='lat' dir='ltr'>lacrymas</span> <span class='ocrx_word' id='word_1_258' title='bbox 906 1935 1030 1966; x_wconf 89' lang='lat' dir='ltr'>tenere</span> <span class='ocrx_word' id='word_1_259' title='bbox 1044 1939 1120 1965; x_wconf 90' lang='lat' dir='ltr'>non</span> <span class='ocrx_word' id='word_1_260' title='bbox 1132 1933 1296 1978; x_wconf 89' lang='lat' dir='ltr'>possent.</span> 
     </span>
     <span class='ocr_line' id='line_1_36' title="bbox 183 1981 1297 2035; baseline -0.004 -13"><span class='ocrx_word' id='word_1_261' title='bbox 183 1985 282 2022; x_wconf 87' lang='lat' dir='ltr'>Haec</span> <span class='ocrx_word' id='word_1_262' title='bbox 310 1997 352 2022; x_wconf 91' lang='lat' dir='ltr'>eo</span> <span class='ocrx_word' id='word_1_263' title='bbox 380 1984 463 2021; x_wconf 87' lang='lat' dir='ltr'>dico</span> <span class='ocrx_word' id='word_1_264' title='bbox 490 1984 678 2035; x_wconf 89' lang='lat' dir='ltr'>pluribus,</span> <span class='ocrx_word' id='word_1_265' title='bbox 700 1982 804 2034; x_wconf 89' lang='lat' dir='ltr'>quod</span> <span class='ocrx_word' id='word_1_266' title='bbox 827 1995 947 2033; x_wconf 88' lang='lat' dir='ltr'>genus</span> <span class='ocrx_word' id='word_1_267' title='bbox 971 1981 1043 2019; x_wconf 89' lang='lat' dir='ltr'>hoc</span> <span class='ocrx_word' id='word_1_268' title='bbox 1064 1988 1190 2018; x_wconf 87' lang='lat' dir='ltr'>totum</span> <span class='ocrx_word' id='word_1_269' title='bbox 1214 1993 1297 2018; x_wconf 89' lang='lat' dir='ltr'>ora-</span> 
     </span>
     <span class='ocr_line' id='line_1_37' title="bbox 183 2035 1296 2089; baseline -0.004 -13"><span class='ocrx_word' id='word_1_270' title='bbox 183 2045 295 2085; x_wconf 87' lang='lat' dir='ltr'>tores,</span> <span class='ocrx_word' id='word_1_271' title='bbox 318 2037 385 2089; x_wconf 91' lang='lat' dir='ltr'>qui</span> <span class='ocrx_word' id='word_1_272' title='bbox 410 2045 499 2075; x_wconf 89' lang='lat' dir='ltr'>sunt</span> <span class='ocrx_word' id='word_1_273' title='bbox 523 2038 688 2076; x_wconf 84' lang='lat' dir='ltr'>veritatis</span> <span class='ocrx_word' id='word_1_274' title='bbox 713 2037 832 2088; x_wconf 90' lang='lat' dir='ltr'>ipsius</span> <span class='ocrx_word' id='word_1_275' title='bbox 857 2044 1012 2083; x_wconf 89' lang='lat' dir='ltr'>actores,</span> <span class='ocrx_word' id='word_1_276' title='bbox 1034 2035 1296 2085; x_wconf 77' lang='lat' dir='ltr'>reliquerunt3</span> 
     </span>
     <span class='ocr_line' id='line_1_38' title="bbox 183 2090 1280 2140; baseline -0.005 -10"><span class='ocrx_word' id='word_1_277' title='bbox 183 2092 390 2130; x_wconf 85' lang='lat' dir='ltr'>imitatores</span> <span class='ocrx_word' id='word_1_278' title='bbox 410 2100 539 2130; x_wconf 89' lang='lat' dir='ltr'>autem</span> <span class='ocrx_word' id='word_1_279' title='bbox 557 2091 737 2138; x_wconf 88' lang='lat' dir='ltr'>veritatis,</span> <span class='ocrx_word' id='word_1_280' title='bbox 757 2090 970 2137; x_wconf 82' lang='lat' dir='ltr'>histriones,</span> <span class='ocrx_word' id='word_1_281' title='bbox 990 2095 1280 2140; x_wconf 84' lang='lat' dir='ltr'>occupaverunt.</span> 
     </span>
    </p>

    <p class='ocr_par' dir='ltr' id='par_1_5' title="bbox 237 2141 1300 2198">
     <span class='ocr_line' id='line_1_39' title="bbox 237 2141 1300 2198; baseline -0.004 -14"><span class='ocrx_word' id='word_1_282' title='bbox 237 2146 376 2185; x_wconf 86' lang='lat' dir='ltr'>LVII.</span> <span class='ocrx_word' id='word_1_283' title='bbox 404 2146 481 2195; x_wconf 82' lang='lat' dir='ltr'>Ac,</span> <span class='ocrx_word' id='word_1_284' title='bbox 506 2146 586 2185; x_wconf 88' lang='lat' dir='ltr'>sine</span> <span class='ocrx_word' id='word_1_285' title='bbox 609 2145 741 2198; x_wconf 85' lang='lat' dir='ltr'>dubio,</span> <span class='ocrx_word' id='word_1_286' title='bbox 767 2143 940 2185; x_wconf 84' lang='lat' dir='ltr'>inomni</span> <span class='ocrx_word' id='word_1_287' title='bbox 964 2156 1004 2182; x_wconf 91' lang='lat' dir='ltr'>re</span> <span class='ocrx_word' id='word_1_288' title='bbox 1030 2142 1147 2183; x_wconf 87' lang='lat' dir='ltr'>vincit</span> <span class='ocrx_word' id='word_1_289' title='bbox 1172 2141 1300 2181; x_wconf 79' lang='lat' dir='ltr'>imita-</span> 
     </span>
    </p>
   </div>
  </div>
 </body>
</html>
