1429 2344
203 73 280 118 174
362 73 439 112 DE
459 73 754 123 ORATORE,
783 74 881 112 L113.
898 73 932 112 1.
961 74 1065 113 CAP.
1083 75 1148 114 49.

190 193 280 232 que,
312 187 466 229 teneret,
493 181 615 232 iisque
634 188 826 227 uteretur-3
857 182 960 220 hunc
979 181 1195 232 reipublicae
1222 189 1303 220 rec'-

191 243 325 281 torem,
343 242 380 272 et
398 235 542 273 consilii
560 235 704 285 publici
723 244 927 283 auctorem,
948 249 1026 274 esse
1051 235 1297 281 habendum;

189 288 508 339 praedicaremque
539 289 584 326 P.
613 289 838 337 Lentulum,
869 290 1079 340 principem
1107 289 1232 336 illum,
1263 296 1300 327 et

190 341 254 378 Ti.
273 342 489 380 Gracchum
519 350 682 393 patrem,
715 352 751 380 et
771 343 821 390 Q.
840 343 1058 391 Metellum,
1072 350 1110 380 et
1130 343 1174 380 P.
1191 342 1301 381 Afri-

190 407 343 443 canum,
374 403 410 433 et
430 396 473 434 C.
499 396 680 444 Laelium,
702 404 738 434 et
762 396 1057 434 innumerabiles
1075 396 1181 445 alios,
1211 409 1300 435 cum

188 461 236 486 ex
255 449 384 487 nostra
398 449 561 497 civitate,
578 457 662 487 tum
677 463 724 487 ex
739 451 891 488 caeteris.
921 451 990 489 Sin
1008 458 1136 488 autem
1155 463 1300 501 quaere-

187 509 303 550 retur,
325 503 502 553 quisnam
517 504 807 552 jurisconsultus
826 517 911 542 vere
925 504 1195 551 nominaretur,
1211 516 1300 542 eum

187 555 366 603 dicerem,
387 557 455 608 qui
482 558 628 607 legum,
658 565 694 595 et
722 557 1001 595 consuetudinis
1020 558 1101 606 ejus
1119 557 1196 608 qua
1223 557 1301 608 pri-

189 610 265 647 vati
284 610 324 647 in
342 611 491 649 civitate
505 618 714 658 uterentur,
737 618 773 648 et
791 611 839 649 ad
857 610 1176 662 respondendum,
1197 617 1234 648 et
1252 610 1300 648 ad

189 663 445 712 scribendum,
468 672 505 702 et
519 664 567 702 ad.
585 665 810 712 cavendum,
830 665 973 715 peritus
993 671 1111 709 esset;
1134 671 1170 702 et
1189 677 1237 702 ex
1256 677 1301 702 eo

186 729 322 767 genere
341 718 429 757 Sex.
445 719 610 768 AElium,
632 718 694 756 Μ’
710 718 937 769 Manilium,
958 718 1004 756 P.
1021 717 1202 756 Mucium
1230 729 1301 756 no-

188 782 389 809 mmarem.

239 825 398 863 XLIX.
427 825 575 877 Atque,
606 833 650 864 ut
675 827 758 876 jam
784 827 833 865 ad
856 826 998 864 leviora
1015 825 1156 864 artium
1175 824 1301 864 studia

186 879 351 928 veniam,
372 880 402 917 si
420 880 601 928 musicus,
622 881 654 918 si
671 880 955 931 grammaticus,
976 880 1007 918 si
1024 883 1137 931 poe'ta
1154 892 1301 931 quaera-

188 940 265 980 tur,
285 934 426 983 possim
445 934 617 971 similiter
643 935 843 985 explicare,
868 933 962 985 quid.
987 946 1119 972 eorum
1138 933 1301 985 quisque

186 986 419 1036 profiteatur,
441 994 478 1025 et
493 1000 569 1038 quo
588 1000 665 1025 non
687 989 853 1049 amphus
868 989 916 1025 ab
936 1000 1089 1048 quoque
1107 987 1155 1024 sit
1167 993 1299 1038 postu-

188 1039 361 1078 landum.
393 1041 587 1092 Philosopl
585 1041 616 1078 11
637 1041 823 1092 d'em'que
814 1041 945 1092 ipsius,
967 1041 1035 1092 qui
1049 1041 1096 1078 de
1115 1054 1185 1078 sua
1197 1040 1234 1078 vi
1252 1053 1297 1079 ac

187 1093 372 1144 sapientia
404 1107 503 1132 unus
535 1095 664 1132 omnia
695 1108 803 1146 paene
833 1095 1044 1146 profitetur,
1082 1101 1138 1132 est
1169 1101 1298 1132 tamen

185 1147 363 1207 quaedam
382 1148 446 1186 des
430 1148 595 1199 scriptio,
615 1156 660 1186 ut
673 1149 718 1197 is,
735 1149 850 1200 quit
817 1149 964 1187 studeat
982 1148 1157 1186 omnium
1170 1160 1299 1187 rerum

186 1200 403 1240 divinarum
422 1208 536 1252 atque
552 1202 812 1240 humanarum
830 1203 923 1250 vim,
943 1209 1134 1250 naturam,
1151 1214 1301 1240 causas-

186 1267 262 1304 que
277 1257 399 1305 n6sse,
421 1263 457 1294 et
475 1268 630 1294 omnem
647 1258 744 1294 bene
757 1256 909 1294 vivendi
921 1256 1106 1294 rationem
1124 1263 1250 1294 tenere
1263 1262 1304 1294 et

185 1309 374 1359 persequi,
395 1310 547 1348 nomine
565 1310 636 1347 hoc
664 1311 886 1361 appelletur.
927 1309 1130 1348 Oratorem
1155 1316 1299 1358 autem,

185 1363 368 1412 quoniam
396 1363 443 1401 de
471 1376 514 1402 eo
539 1364 760 1415 quaerimus,
781 1363 958 1414 equidem
982 1375 1060 1401 non
1077 1362 1174 1401 facio
1192 1375 1302 1401 eum-

186 1415 289 1464 dem,
310 1429 426 1467 quem
442 1416 624 1462 Crassus;
647 1418 714 1468 qui
728 1418 824 1455 mihi
843 1417 944 1456 visus
970 1425 1025 1455 est
1043 1429 1197 1455 omnem
1215 1429 1300 1454 om-

186 1468 296 1506 nium
314 1483 441 1508 rerum
460 1478 575 1522 atque
593 1472 734 1509 artium
762 1471 957 1510 scientiam
981 1469 1299 1522 comprehendere

187 1535 264 1560 uno
283 1524 438 1562 oratoris
453 1525 574 1563 officio
593 1538 636 1562 ac
650 1526 803 1563 nomine
820 1539 830 1562 ς
851 1532 966 1576 atque
984 1537 1073 1563 eum
1091 1531 1186 1584 puto
1205 1536 1297 1572 esse,

185 1576 255 1626 qui
273 1577 396 1615 verbis
414 1578 462 1615 ad
480 1578 714 1616 audiendum
737 1578 931 1628 jucundis,
963 1586 1000 1616 et
1029 1576 1221 1616 sententiis
1249 1577 1299 1616 ad

186 1630 426 1680 probandum
446 1632 750 1681 accommodatis,
772 1632 829 1670 uti
846 1632 964 1683 possit
981 1632 1022 1670 in
1040 1631 1162 1669 causis
1175 1631 1300 1669 foren-

186 1682 290 1721 sibus
316 1691 430 1734 atque
456 1686 735 1724 communibus.
778 1686 898 1724 Hunc
916 1698 986 1736 ego
1009 1685 1160 1736 appello
1178 1692 1300 1722 orato-

186 1749 294 1782 rem3
324 1750 489 1788 eumque
514 1752 591 1777 esse
605 1747 785 1789 praeterea
803 1739 1031 1777 instructum
1055 1751 1158 1785 voce,
1184 1744 1222 1775 et
1239 1750 1301 1775 ac-

186 1789 301 1837 tione,
322 1800 358 1828 et
375 1791 502 1842 lepore
521 1793 702 1853 quodam,
717 1794 813 1831 volo.
834 1792 992 1830 Crassus
1004 1804 1091 1830 vero
1105 1791 1202 1829 mihi
1213 1803 1301 1829 nos-

186 1849 242 1881 ter
268 1844 368 1882 visus
394 1852 449 1882 est
477 1846 632 1884 oratoris
656 1846 876 1884 facultatem
901 1858 978 1883 non
996 1845 1099 1883 illius
1117 1845 1206 1883 artis
1226 1851 1299 1882 ter-

185 1897 314 1945 minis,
346 1897 411 1935 sed
437 1898 580 1949 ingenii
599 1900 658 1937 sui
676 1900 830 1947 finibus,
861 1899 1057 1937 immensis
1083 1910 1206 1949 paene,
1232 1897 1298 1936 de-

186 1951 372 1989 scribere:
407 1964 498 1989 nam
517 1961 553 1990 et
571 1953 767 1991 civitatum
794 1952 1046 2003 regendarum
1070 1951 1209 1990 oratori
1226 1964 1299 2002 gu-

186 2005 390 2043 bernacula
408 2006 592 2044 sententia
620 2020 689 2045 sua
715 2006 897 2051 tradidit,
930 2006 971 2043 in
1000 2017 1076 2057 quo
1105 2018 1172 2056 per
1201 2004 1298 2043 mihi

185 2057 328 2096 mirum
354 2059 478 2097 visum
508 2067 576 2108 est,
611 2060 716 2099 Scaev
717 2061 791 2108 ola,
822 2067 860 2098 te
886 2059 957 2098 hoc
985 2059 1043 2098 illi
1069 2058 1297 2103 concedere3

185 2124 274 2148 cum
294 2112 496 2163 saepissime
524 2113 592 2151 tibi
611 2121 776 2162 senatus,
795 2113 956 2153 breviter
973 2112 1221 2164 impoliteque
1238 2111 1298 2150 di-

180 2164 296 2214 centi,
318 2166 496 2206 maximis
515 2167 561 2207 sit
580 2167 626 2207 de
644 2168 756 2207 rebus
770 2179 953 2208 assensus.
991 2166 1053 2208 Μ.
1074 2179 1160 2207 vero
1179 2166 1299 2206 Scau-
