1429 2344
166 72 218 110 14
273 69 350 110 DE
381 68 770 121 INVENTIONE‚
801 69 899 109 Lm.
920 70 955 110 1.
985 69 1089 111 cm».
1109 72 1170 111 15.

165 184 239 217 test
257 191 303 217 ex
323 178 547 218 deductione
564 178 718 217 rationis
729 178 831 217 nasci
846 178 1041 228 judicatio.
1069 179 1200 227 Quare
1212 191 1278 218 ne-

166 245 267 271 cesse
297 240 351 271 est
377 234 549 271 eamdem
569 246 646 271 esse
665 233 912 284 quaestionem
931 240 968 271 et
982 233 1279 282 judicationem:

167 294 225 333 ut,
241 286 402 324 Factum
416 294 491 333 est,
508 287 598 325 Non
611 295 666 325 est
676 287 841 332 factum3
856 287 1067 325 Factumne
1080 287 1155 325 sit?
1175 286 1283 334 Quot

173 348 302 377 autem
338 341 378 378 in
416 341 528 379 causa
558 341 853 387 constitutiones,
890 348 956 378 aut
992 353 1122 378 earum
1158 348 1282 391 partes

169 401 294 441 erunt,
323 394 481 431 totidem
507 407 653 432 necesse
673 394 741 431 erit
760 393 998 444 quaestiones,
1026 394 1201 443 rationes,
1219 395 1283 443 jum

170 447 391 494 dicationes,
413 448 653 485 firmamenta
670 448 835 497 reperiri.

224 501 298 537 His
317 501 494 539 omnibus
512 501 553 537 in
572 500 685 539 causa
709 500 878 551 repertis,
908 508 991 538 tum
1018 500 1182 552 denique
1207 501 1283 539 sin-

169 554 270 604 gulae
299 562 423 604 partes
452 554 566 592 totius
596 567 717 591 causae
743 554 1021 592 considerandae
1050 563 1161 592 sunt:
1191 567 1282 592 nam

170 619 261 653 non,
275 614 319 644 ut
333 607 504 659 quidque
522 607 725 645 dicendum
737 607 922 658 primum,
942 607 996 644 ita
1013 607 1183 658 primum
1202 609 1283 646 ani-

168 660 486 698 madvertendum
506 661 678 706 videtur3
708 660 793 698 ideo
819 661 923 711 quod
947 661 1027 708 illa,
1055 675 1142 712 quae
1159 662 1284 712 prima

170 714 364 761 dicuntur,
386 715 417 752 si
435 715 675 752 vehementer
693 714 785 751 velis
804 726 1023 765 congruere,
1045 722 1081 752 et
1100 715 1284 754 cohaerere

171 781 260 806 cum
280 781 407 816 causa,
436 781 483 806 ex
509 769 560 806 eis
587 768 701 805 ducas
720 775 880 818 oportet,
911 781 998 818 qu‘e
1015 776 1100 818 post
1127 768 1285 807 dicenda

172 828 273 859 sunt.
304 821 448 869 Quare,
476 835 563 859 cum
580 821 776 870 judicatio,
808 827 845 858 et
865 834 922 869 ea,
955 834 1041 872 quae
1067 821 1115 858 ad
1137 822 1284 871 judica-

172 875 316 913 tionem
335 882 481 925 oportet
498 875 672 923 inveniri,
700 882 938 924 argumenta,
959 875 1158 925 diligenter
1176 883 1287 914 erunt

172 929 330 967 artificio
349 937 508 979 reperta,
529 942 620 966 eura
638 936 675 966 et
693 928 916 978 cogitatione
934 935 1182 978 pertractata;
1204 937 1288 968 tum

173 982 338 1033 denique
356 982 574 1020 ordinandae
593 990 681 1019 sunt
699 990 840 1019 caeterae
858 989 982 1032 partes
1001 982 1190 1020 orationis.
1213 983 1289 1021 Hae

173 1044 298 1087 partes
328 1048 395 1073 sex
423 1049 501 1074 esse
526 1036 682 1074 omnino
711 1035 819 1073 nobis
844 1035 1044 1079 videntum
1075 1036 1289 1085 exordium,

175 1090 352 1137 narratio,
368 1090 568 1140 partitio,c
549 1089 798 1136 confirmatio,
818 1089 1070 1139 reprehensio,
1091 1091 1292 1129 conclusio.

175 1143 308 1191 Nunc,
329 1143 511 1193 quoniam
529 1143 729 1181 exordium
746 1142 920 1192 princeps
939 1143 1113 1179 omnium
1133 1156 1210 1181 esse
1229 1145 1293 1182 de-

175 1197 254 1244 bet,
292 1209 361 1234 nos
391 1210 543 1247 quoque
573 1210 614 1248 pl
611 1197 745 1234 imum
774 1196 814 1233 in
850 1196 971 1234 ration
974 1208 1035 1233 em
1072 1197 1291 1236 exordiendi

179 1257 368 1301 praecepta
387 1250 574 1288 dabimus.

232 1303 327 1341 XV.
358 1303 574 1341 Exordium
600 1310 655 1341 est
681 1301 800 1340 oratio
819 1302 993 1340 animum
1012 1302 1193 1342 auditoris
1211 1303 1292 1343 ido-

179 1369 248 1395 nee
278 1369 500 1407 comparans
530 1357 578 1395 ad
607 1357 794 1408 reliquam
824 1356 1051 1394 dictionem:
1081 1358 1184 1408 quod
1210 1371 1294 1396 eve..

180 1411 272 1458 niet,
294 1411 325 1447 si
345 1423 433 1448 eum
451 1411 694 1458 benevolum,
726 1417 928 1455 attentum,
958 1410 1118 1448 docilem
1137 1411 1290 1450 fecerit:

180 1477 298 1515 quare
317 1464 384 1515 qui
403 1466 499 1502 bene
518 1464 681 1502 exordiri
707 1476 860 1501 causam
885 1464 999 1511 volet,
1031 1477 1120 1501 eum
1145 1477 1293 1504 necesse

183 1524 240 1555 est
257 1530 377 1567 genus
397 1531 474 1555 suae
493 1531 614 1556 causae
633 1517 832 1567 diligenter
849 1523 937 1554 ante
955 1530 1186 1567 cognoscere.
1218 1519 1294 1558 Ge-

181 1584 272 1609 nera
290 1583 491 1609 causarum
509 1578 598 1609 sunt
617 1571 801 1622 quinque,
821 1570 1037 1619 honestum,
1058 1571 1296 1622 admirabile,

181 1624 343 1671 humile,
364 1637 514 1675 anceps,
535 1627 751 1662 obscurum.
792 1624 1012 1662 Honestum
1037 1637 1158 1662 causae
1175 1639 1296 1676 genus

181 1685 252 1725 est,
280 1677 342 1715 cui
367 1678 494 1715 statim
524 1679 604 1716 sine
632 1678 799 1716 oratione
827 1677 956 1715 nostra
985 1677 1166 1716 auditoris
1195 1679 1297 1717 favet

184 1732 361 1776 animus3
383 1732 619 1779 admirabile,
647 1745 670 1769 a
695 1744 771 1783 quo
789 1731 974 1768 alienatus
992 1737 1047 1768 est
1065 1731 1216 1770 animus
1235 1746 1296 1770 eo-

184 1797 287 1832 rum,
308 1785 376 1835 qui
393 1785 560 1822 audituri
579 1792 692 1830 sunt3
722 1785 883 1831 humile,
903 1784 1007 1835 quod
1025 1784 1231 1834 negligitur
1248 1789 1297 1824 ab

183 1838 368 1886 auditore,
400 1846 436 1876 et
461 1851 538 1876 non
563 1851 793 1888 magnopere
822 1837 1095 1876 attendendum
1120 1838 1296 1884 videtum

184 1904 334 1942 ancePS,
354 1892 395 1928 in
415 1905 491 1942 quo
510 1899 576 1929 aut
597 1892 780 1941 judicatio
799 1891 916 1929 dubia
935 1898 1014 1936 θεῖς
1041 1897 1108 1928 3111
1131 1904 1244 1930 causa
1263 1901 1300 1931 et

183 1945 388 1982 honestatis
407 1952 444 1983 et
461 1945 707 1996 turpitudinis
725 1945 926 1995 particeps,
954 1951 999 1982 ut
1020 1951 1057 1982 et
1070 1946 1300 1983 benevolen-

185 1998 279 2035 tiam
298 1998 434 2048 pariat,
463 2005 500 2035 et
518 1999 789 2042 offensionem;
818 2000 1037 2045 obscurum,
1063 1998 1104 2035 in
1130 2011 1207 2049 quo
1232 2006 1299 2036 aut

185 2051 285 2088 tardi
303 2051 490 2089 auditores
509 2059 611 2099 sunt,
632 2058 700 2089 aut
718 2051 990 2089 difficilioribus
1008 2049 1057 2087 ad
1075 2063 1300 2101 cognoscen-

186 2105 282 2141 dum
300 2105 460 2155 negotiis
485 2117 597 2142 causa
622 2105 807 2155 implicita
833 2112 900 2142 est.
940 2103 1086 2151 Quare,
1117 2105 1298 2155 quoniam

187 2165 266 2195 tam
286 2158 433 2197 diversa
451 2166 539 2196 sunt
564 2171 704 2209 genera
721 2171 935 2205 causarum,
965 2157 1130 2196 exordiri
1149 2171 1301 2210 quoque
