1429 2344
190 79 265 124 172
347 80 424 120 DE
446 82 740 133 ORATORE,
770 83 868 122 Lm.
886 83 920 122 I.
947 83 1051 123 ch».
1069 84 1133 122 48.

184 196 519 228 commonstrarem
537 198 687 229 tantum
707 191 823 241 viam,
844 199 894 241 et,
910 199 954 230 ut
972 191 1054 230 fieri
1068 190 1175 239 solet,
1196 188 1293 241 digi-

186 249 270 279 tum
290 243 338 280 ad
356 243 478 282 fontes
496 245 742 283 intenderem.

239 295 419 334 XLVII.
450 298 554 335 Mihi
581 312 682 347 vero,
708 299 835 350 inquit
854 299 1025 348 Mucius,
1057 298 1146 336 satis
1165 310 1296 348 super-

185 362 260 399 que
279 352 345 388 abs
365 358 401 388 te
415 352 562 390 videtur
580 353 739 390 istorum
759 353 905 401 studiis,
926 353 957 390 si
974 352 1090 391 modo
1109 358 1198 390 sunt
1217 358 1298 389 stu-

186 402 296 450 diosi,
318 417 396 442 esse
412 405 583 450 factum;
604 419 709 454 nam,
729 416 774 444 ut
802 408 994 445 Socratem
1012 407 1124 444 illum
1143 405 1298 443 solitum

185 455 293 493 aiunt
323 458 458 506 dicere,
489 459 698 510 perfectum
718 461 789 498 sibi
807 474 902 511 opus
930 473 1021 508 esse,
1053 459 1084 497 si
1105 459 1189 511 quis
1208 458 1297 496 satis

187 517 281 547 esset
297 512 502 551 concitatus
521 514 774 552 cohortatione
793 514 863 552 sua
881 514 930 551 ad
948 513 1118 552 studium
1143 525 1300 563 cognos-

184 564 312 601 cendae
330 566 655 618 percipiendaeque
681 568 829 606 virtutis
858 567 1014 619 (quibus
1033 567 1136 605 enim
1154 566 1195 604 id
1213 579 1299 617 per-

183 630 338 656 suasum
359 628 465 668 esset,
498 627 541 658 ut
559 621 656 658 nihil
679 622 838 660 mallent
867 635 906 659 se
936 634 1013 659 esse
1039 633 1157 672 quam
1181 621 1301 658 bonos

184 670 296 718 viros,
317 672 362 710 115
388 674 575 725 reliquam
593 675 744 713 facilem
770 688 847 713 esse
875 675 1127 721 doctrinm)-
1117 702 1128 719 ,
1161 673 1212 711 510
1231 685 1302 723 ego

186 724 372 776 intelligo,
394 727 425 764 51
444 727 483 765 111
498 728 592 776 haec,
614 742 699 780 quae
719 729 894 779 patefecit
915 728 1082 767 oratione
1100 741 1169 765 sua
1188 726 1300 765 Cras-

186 791 263 827 sus,
283 779 423 818 intrare
438 782 642 829 volueritis,
663 782 843 821 facillime
857 795 922 821 vos
937 782 985 820 ad
1004 795 1061 830 ea,
1082 794 1169 832 quae
1194 780 1303 832 cupi-

186 832 248 879 tis,
281 841 525 883 perventuros
556 837 603 874 ab
628 836 699 874 hoc
725 837 845 884 aditu,
873 836 1070 887 januaque
1099 834 1299 886 patefacta.

188 885 311 924 Nobis
331 901 431 935 vero,
452 888 529 940 inq
524 890 578 927 111
597 890 801 941 Sulpicius,
822 891 893 928 ista
911 896 1000 928 sunt
1018 896 1193 950 pergrata
1216 901 1302 939 per-

186 953 262 990 que
277 941 471 989 jucunda.
506 943 570 981 sed
599 957 721 993 pauca
750 944 864 982 etiam
893 943 1136 995 requirimus,
1167 941 1302 1007 impr-i:

186 993 335 1044 misque
354 1007 411 1043 ea,
443 1009 529 1047 quae
548 997 657 1035 valde
675 998 838 1035 breviter
856 1011 879 1035 a
898 1005 949 1045 te,
984 996 1130 1043 Crasse,
1152 995 1227 1033 de'
1216 1008 1301 1047 lpsa.

185 1054 264 1084 arte
283 1061 459 1098 percursa
474 1058 575 1098 sunt,
597 1063 685 1088 011111
704 1052 770 1088 illa
789 1058 825 1089 te
845 1058 882 1088 et
895 1063 972 1088 non
991 1057 1242 1098 contemnere,
1264 1055 1301 1087 et

185 1100 358 1139 didicisse
384 1103 611 1141 confiterere.
651 1104 712 1142 Ea
731 1105 761 1142 si
780 1105 896 1155 paulo
919 1104 1034 1142 latius
1052 1103 1205 1151 dixeris,
1235 1115 1303 1141 ex-

188 1155 304 1205 pleris
323 1168 477 1194 omnem
497 1159 813 1208 exspectationem
833 1157 1005 1195 diuturni
1023 1156 1196 1195 desiderii
1214 1168 1302 1194 nos-

189 1208 249 1245 tri.
300 1209 341 1246 N
343 1222 406 1247 am
425 1222 540 1257 nunc,
562 1212 701 1262 quibus
721 1211 951 1249 studendum
971 1211 1082 1248 rebus
1102 1217 1210 1258 esset,
1240 1223 1303 1248 ac-

188 1262 372 1312 cepimus,
394 1264 497 1314 quod
521 1265 648 1324 ipsum
674 1272 728 1302 est
747 1272 874 1302 tamen
893 1277 1106 1314 magnum3
1133 1263 1198 1302 sed
1222 1263 1304 1302 vias

189 1329 321 1353 earum
336 1329 463 1354 rerum
478 1318 738 1370 rationemque
753 1318 928 1369 cupimus
943 1330 1173 1368 cognoscere.
1195 1316 1304 1365 Quid

189 1369 234 1418 si,
266 1370 392 1422 inquit
411 1370 582 1420 Crassus,
615 1372 815 1423 (quoniam
845 1384 928 1422 ego,
961 1384 1037 1422 quo
1064 1370 1212 1409 facilius
1237 1383 1304 1409 vos

188 1423 294 1474 apud
323 1437 386 1462 me
413 1433 594 1473 tenerem,
621 1432 753 1464 vestrae
770 1426 896 1477 potius
915 1426 1114 1463 obsecutus
1132 1437 1219 1463 sum
1238 1436 1304 1464 vo-

188 1477 341 1526 luntati,
362 1491 480 1529 quam
495 1487 562 1517 aut
580 1480 843 1518 consuetudini
861 1485 928 1517 aut
945 1486 1090 1518 naturae
1107 1485 1220 1526 meae)
1239 1490 1306 1529 pe-

189 1530 307 1569 timus
326 1532 374 1569 ab
388 1532 576 1581 Antonio,
597 1541 640 1571 ut
660 1547 716 1582 ea,
738 1547 823 1585 quae
838 1533 1016 1581 continet,
1036 1545 1161 1584 neque
1179 1531 1305 1570 adhuc

189 1585 362 1636 protulit,
380 1599 427 1623 ex
446 1587 586 1637 quibus
600 1600 723 1625 unum
737 1588 912 1626 libellum
927 1586 999 1625 sibi
1013 1586 1218 1625 excidisse'
1203 1598 1305 1635 Jam-

191 1638 340 1676 dudum
369 1647 523 1690 questus
551 1648 619 1690 est,
651 1641 813 1693 explicet
844 1641 966 1689 nobis,
999 1647 1036 1678 et
1064 1640 1131 1678 ina
1156 1639 1306 1678 dicendi

191 1692 372 1742 mysteria
405 1694 605 1732 enuntiet?
646 1695 702 1733 Ut
735 1695 895 1743 videtur,
929 1694 1055 1745 inquit
1087 1693 1302 1744 Sulpicius.

192 1758 299 1794 nam,
315 1746 487 1785 Antonio
506 1748 666 1796 dicente,
687 1749 801 1786 etiam
821 1748 914 1799 quid
932 1756 974 1786 tu
993 1747 1144 1795 sentias,
1164 1746 1307 1784 intelli-

193 1812 339 1849 gemus.
383 1800 478 1838 Peto
497 1801 626 1851 igitur,
658 1802 785 1852 inquit
810 1802 981 1849 Crassus,
1009 1814 1032 1838 a
1049 1807 1099 1848 te,
1121 1800 1305 1851 quoniam

194 1853 235 1890 id
253 1853 374 1901 nobis,
395 1854 559 1901 Antoni,
579 1855 797 1893 hominibus
816 1855 855 1892 id
875 1854 1007 1902 aetatis,
1027 1854 1150 1892 oneris
1168 1855 1216 1891 ab
1235 1853 1305 1892 ho-

195 1919 284 1944 rum
313 1907 607 1945 adolescentium
636 1909 768 1946 studiis
798 1908 1022 1969 imponitur,
1051 1915 1096 1945 ut
1123 1920 1304 1959 exponas,

196 1960 318 2011 quid
308 1961 354 1998 115
372 1960 418 1998 de
436 1963 562 2009 rebus,
583 1975 677 2012 quas
696 1975 718 2000 a
736 1969 773 2000 te
792 1962 911 2013 quaeii
929 1961 1046 2010 vides,
1067 1961 1216 1999 sentias.

250 2014 767 2066 XLV111.Deprehensum
787 2015 963 2067 equidem
982 2028 1058 2062 me,
1074 2015 1200 2066 inquit
1217 2013 1307 2052 An-

196 2068 336 2115 tonius,
356 2069 470 2119 plane
488 2069 595 2107 video
614 2076 728 2120 atque
747 2069 879 2117 sentio,
900 2081 977 2107 non
996 2069 1121 2106 solum
1140 2068 1243 2119 quod
1261 2080 1306 2106 ea

195 2121 440 2171 requiruntur
467 2135 489 2160 a
513 2135 590 2170 me,
611 2135 775 2174 quorum
794 2135 880 2160 sum
899 2122 1054 2172 ignarus
1071 2128 1186 2172 atque
1203 2121 1305 2159 inso-

195 2174 291 2226 lens,
312 2175 377 2214 sed
396 2175 500 2228 quia,
520 2176 624 2228 quod
641 2176 681 2216 in
700 2176 820 2216 causis
840 2176 948 2215 valde
966 2175 1097 2228 fugere
1115 2175 1229 2226 soleo,
1257 2186 1307 2214 ne
