1407 2308
221 54 298 94 DE
319 54 703 105 INVENTIONE,
724 54 822 93 11113.
840 54 896 93 II.
918 53 1021 93 CAP.
1038 55 1102 93 23.
1158 56 1210 94 83

118 160 211 212 quid
228 162 349 210 aliter,
368 174 485 214 quam
503 162 860 209 confirmaverimus,
881 162 960 211 fiat,
980 168 1046 199 aut
1071 161 1214 200 factum

119 221 186 252 aut
202 214 376 253 futurum
395 216 452 254 sit.
481 215 543 254 Ac
560 223 703 254 naturae
721 215 904 267 quidem‘
890 228 977 265 Jura
994 215 1120 252 minus
1134 215 1216 265 ipsa

118 276 297 318 quaerunt
284 282 344 306 ur
372 268 421 306 ad
448 269 546 307 hanc
574 269 875 316 controversiam,
901 268 1003 319 quod
1029 281 1150 319 neque
1175 269 1215 305 in

120 320 191 359 hoc
219 322 319 359 civili
341 324 427 370 jure
452 330 659 369 versantur,
689 330 726 360 ct
752 335 774 359 a
800 322 945 372 vulgari
970 321 1217 371 intelligentia

118 375 317 412 remotiora
334 382 444 412 sunt:
475 375 522 412 ad
541 376 826 413 similitudinem
845 387 931 412 vero
945 375 1126 425 aliquam,
1147 382 1213 412 aut

117 427 166 464 ad
184 440 264 465 rem
283 428 600 478 amplificandam,
624 441 721 479 saepe
747 435 837 466 sunt
861 427 1065 465 inferenda.
1113 428 1214 465 Con-

117 481 325 519 suetudinis
351 488 479 519 autem
501 483 564 530 jus
589 495 665 519 esse
690 488 845 532 putatur
869 480 923 528 id,
943 480 1059 531 quod,
1080 481 1214 518 volun-

117 540 193 571 tate
211 535 397 583 omnium,
413 535 493 572 sine
505 535 601 585 lege,
621 542 783 572 vetustas
801 534 1063 584 comprobarit.
1107 534 1154 570 In
1170 534 1214 571 ea

116 594 244 624 autem
270 588 358 636 jura
387 595 487 636 sunt,
518 588 691 639 quaedam
721 588 802 638 ipsa
826 589 907 636 jam
934 594 1033 624 certa
1063 594 1214 637 propter

117 648 364 678 vetustatem·
394 654 470 692 quo
499 641 539 678 in
568 654 702 691 genere
731 649 768 679 et
796 641 870 678 alia
898 647 986 678 sunt
1012 640 1148 687 multa,
1177 648 1215 677 et

117 705 247 731 eorum
277 694 398 731 multo
427 694 596 732 maxima
622 708 721 744 pars,
753 707 838 745 quae
868 700 1043 754 praetores
1075 693 1216 730 edicere

117 748 356 784 consuerunt
396 746 583 794 Quaedam
610 755 737 785 autem
755 760 891 797 genera
906 747 1001 795 juris
1017 747 1097 794 jam
1116 753 1215 783 certa

116 800 383 838 consuetudine
400 800 498 838 facta
523 808 634 845 sunt;
665 800 766 851 quod
784 813 916 850 genus,
942 806 1110 850 pactum,
1130 812 1212 849 par,

113 852 337 901 judicatum.
368 853 528 890 Pactum
548 861 615 901 est,
637 853 739 904 quod
756 853 853 890 inter
867 853 1012 903 aliquos
1027 852 1213 899 convenit,

117 906 220 956 quod
241 907 323 954 jam
341 905 394 944 ita
415 907 562 955 justum
580 913 748 956 putatur,
768 913 812 943 ut
828 907 912 954 jure
930 905 1097 955 praestari
1116 905 1216 942 dica-

116 966 190 996 tur.
232 959 320 1007 Par,
341 959 443 1010 quod
460 959 500 996 in
518 972 647 997 omnes
667 959 850 1010 aequabile
869 965 934 996 est.
973 958 1212 1005 Judicat11m,

116 1011 164 1049 de
192 1025 268 1072 quo
292 1013 374 1061 jam
403 1019 490 1050 ante
515 1012 697 1050 sententia
723 1013 881 1060 alicujus
908 1018 974 1049 aut
1000 1011 1214 1062 aliquorum

117 1066 363 1103 constitutum
392 1073 458 1104 est.
499 1066 593 1104 Jam
614 1067 702 1114 jura
724 1066 894 1116 legitima
917 1077 964 1101 ex
989 1065 1136 1114 legibus
1155 1077 1215 1102 co-

117 1119 246 1168 gnosci
262 1119 458 1170 oportebit.
506 1118 582 1157 His
606 1132 694 1169 ergo
712 1132 759 1157 ex
777 1119 946 1169 partibus
967 1118 1077 1166 juxis,
1104 1117 1214 1168 quid-

117 1171 212 1222 quid
239 1179 306 1210 aut
330 1185 376 1210 ex
402 1171 485 1223 ipsa
508 1185 561 1220 re,
589 1180 656 1210 aut
683 1185 730 1210 ex
755 1171 883 1220 simili,
911 1178 977 1208 aut
1003 1183 1049 1208 ex
1074 1171 1216 1219 majore

116 1225 320 1273 minoreve,
351 1226 453 1263 nasci
483 1225 682 1273 videbitur,
712 1225 914 1286 attendere,
944 1230 1057 1274 atque
1085 1224 1216 1261 elicere

116 1278 363 1328 pertentando
380 1291 689 1330 unamquamque
713 1286 868 1338 partem.
881 1277 991 1327 juris,
1018 1277 1212 1327 oportebit.

118 1330 308 1369 Locorum
326 1338 452 1369 autem
472 1332 733 1370 communium
755 1331 936 1382 quoniam
955 1333 1016 1372 (ut
1033 1336 1119 1366 ante
1137 1329 1215 1367 dic-

117 1390 202 1421 tum
230 1391 300 1431 est)
326 1384 401 1422 duo
426 1392 514 1422 sunt
537 1397 686 1435 genera,
713 1397 875 1435 quorum
901 1383 1062 1420 alterum
1087 1382 1214 1420 dubiae

117 1437 185 1483 rei,
219 1437 380 1474 alterum
412 1444 519 1475 certae
551 1437 714 1476 continet
744 1436 1087 1487 amplificationem,
1121 1436 1216 1486 quid

117 1489 200 1540 ipsa
218 1502 329 1528 causa
346 1490 422 1538 det,
443 1498 480 1528 et
498 1491 590 1541 quid
604 1491 732 1540 augeri
749 1504 816 1541 per
834 1501 1074 1528 communem
1088 1489 1215 1526 locum

117 1543 233 1593 possit
251 1550 288 1581 et
304 1550 484 1594 oporteat,
500 1543 802 1581 considerabitur.
846 1543 951 1581 Nam
966 1542 1069 1590 ce1ti,
1089 1542 1156 1592 qui
1175 1542 1215 1579 in

117 1608 247 1634 omnes
265 1596 444 1645 incidant,
464 1597 550 1644 loci,
569 1597 757 1647 praescribi
775 1609 851 1634 non
869 1603 1048 1646 possunt·
1078 1595 1118 1632 in
1137 1595 1215 1645 ple-

115 1648 243 1700 risque
272 1649 426 1687 fortasse
456 1651 504 1687 ab
535 1650 752 1687 auctoritate
779 1649 1145 1699 jurisconsultorum,
1179 1655 1216 1685 et

117 1709 245 1740 contra
273 1703 546 1751 auctoritatem,
577 1702 650 1740 dici
681 1703 877 1753 oportebit.
923 1701 1212 1739 Attendendum

118 1762 173 1792 est
190 1762 318 1793 autem
337 1762 374 1794 et
390 1756 430 1793 in
455 1756 539 1804 hac,
566 1763 603 1794 et
619 1756 659 1794 in
677 1756 867 1804 omnibus,
887 1767 982 1793 num
1001 1767 1096 1806 quos
1113 1755 1213 1792 locos

117 1820 350 1857 communeS,
380 1817 514 1860 praeter
544 1822 605 1847 eos
635 1822 729 1860 quos
757 1808 1014 1859 exposuimus,
1044 1808 1126 1858 ipsa
1157 1820 1215 1844 res

117 1861 298 1899 ostendat.
341 1862 382 1900 N
384 1874 459 1900 unc
472 1862 683 1912 juridiciale
700 1874 818 1914 genus
833 1870 870 1901 et
886 1869 1010 1913 partes
1027 1861 1108 1910 ejus
1127 1872 1214 1899 eon-

114 1913 331 1952 sideremus.

171 1966 338 2006 XXIII.
366 1967 599 2007 Juridicialis
627 1976 696 2017 est,
724 1968 765 2006 in
795 1982 873 2020 qua
901 1967 1001 2019 aequi
1029 1973 1066 2004 et
1093 1966 1216 2015 iniqui

119 2026 266 2068 natura,
286 2028 323 2058 et
340 2022 486 2072 praemii
503 2029 569 2060 aut
586 2035 705 2072 poenae
723 2022 830 2069 ratio,
851 2021 1041 2072 quaeritur.
1082 2019 1215 2066 Hujus

117 2080 241 2121 partes
255 2082 343 2112 sunt
359 2074 459 2122 duae,
478 2087 639 2126 quarum
659 2076 815 2113 alteram
830 2075 1055 2120 absolutam,
1071 2083 1216 2108 assum-

118 2124 234 2164 tivam
253 2127 422 2176 alteram,
443 2129 694 2167 nominamus.
729 2128 919 2169 Absoluta
937 2133 1005 2176 est,
1032 2137 1117 2176 quae
1134 2124 1216 2175 ipsa
