1407 2324
195 73 272 112 DE
293 74 496 115 CLARIS
515 76 898 126 ORATORIBUS,
913 77 1015 115 CAP.
1032 77 1094 114 41.
1115 77 1193 116 393

152 179 242 218 XL.
283 181 390 219 Tum
413 183 571 230 Brutus,
592 184 675 222 Etsi
694 184 795 233 satis,
814 184 951 235 inquit,
972 183 1068 221 mihi
1087 182 1189 220 vide-

99 234 167 270 bar
193 233 329 272 habere
355 236 547 286 cognitum
575 237 779 275 Scaevolam
807 250 852 274 ex
879 237 924 274 iis
950 239 1074 282 rebus,
1099 249 1192 286 quas

97 286 296 324 audiebam
315 301 411 338 saepe
431 302 476 326 ex
497 290 540 326 C.
561 290 721 337 Rutilio,
742 303 817 340 quo
836 291 1010 327 utebatur
1037 298 1189 339 propter

97 339 389 378 familiaritatem
415 342 589 379 scaevolae
615 343 743 388 nostri,
765 350 889 379 tamen
908 342 979 379 ista
996 341 1092 378 mihi
1110 342 1191 389 ejus

97 391 244 429 dicendi
262 399 365 431 tanta
382 395 464 432 laus
482 403 570 432 nota
583 408 658 433 non
677 403 766 432 erat.
803 395 938 446 Itaque
957 395 1038 444 cepi
1057 394 1171 444 volup
1180 419 1191 426 ψ.

95 451 225 492 tatem,
246 452 323 482 tam
341 456 515 484 ornatum
536 449 672 494 virum,
698 455 851 498 tamque
876 448 1059 485 excellens
1084 446 1191 497 inge-

97 497 219 544 nium,
240 498 352 536 fuisse
370 500 410 536 in
429 501 553 537 nostra
568 501 769 551 republica.

151 551 229 588 Hic
255 564 337 601 ego,
372 553 478 599 Noli,
508 553 679 604 inquam,
710 554 844 600 Brute,
878 553 1102 598 existimare,
1133 551 1192 589 his

96 603 242 641 duobus
260 604 468 655 quidquam
489 605 602 643 fuisse
627 607 666 643 in
692 607 818 643 nostra
841 606 988 643 civitate
1013 612 1193 655 praestan-

95 657 193 693 tius:
224 669 327 702 nam,
347 666 390 695 ut
408 659 521 708 paulo
540 666 625 696 ante
643 659 736 705 dixi,
757 659 1011 696 consultorum
1031 658 1191 694 alterum

94 709 393 757 disertissimum,
424 711 646 749 disertorum
679 713 839 749 alterum
871 710 1188 752 consultissimum

95 761 210 799 fuisse
226 776 238 807 ;
267 763 318 800 sic
336 763 374 800 in
390 764 541 814 reliquis
560 767 669 805 rebus
687 765 739 801 ita
757 764 954 805 dissimiles
972 770 1076 801 erant
1094 763 1191 800 inter

95 827 186 860 sese,
207 822 367 853 statuere
385 823 428 853 ut
446 824 571 854 tamen
591 830 666 854 non
691 830 829 867 posses,
860 817 979 854 utrius
1005 823 1041 853 te
1058 815 1190 853 malles

94 867 323 906 similiorem.
370 869 525 907 Crassus
561 878 638 907 erat
670 870 898 920 elegantium
935 868 1187 919 parcissimus,

94 921 260 958 Scaevola
270 934 467 972 parcorum
480 923 787 972 elegantissimus.
818 923 972 960 Crassus
986 921 1025 958 in
1039 922 1190 958 summa.

95 973 269 1011 comitate
298 975 460 1012 habebat
489 975 601 1012 etiam
623 975 826 1013 severitatis
854 974 968 1019 satis3
999 973 1188 1019 Scaevolae,

93 1026 216 1063 multa
233 1027 273 1063 in
291 1028 495 1074 severitate,
516 1040 591 1066 non
605 1028 730 1065 deerat
748 1035 873 1065 tamen
886 1027 1051 1064 comitas.
1081 1026 1190 1063 Licet

92 1079 220 1116 omnia
236 1079 307 1117 hoc
324 1080 459 1118 modo:
475 1081 538 1118 sed
557 1093 697 1127 vereor,
717 1093 764 1117 ne
778 1080 871 1130 fingi
885 1080 1081 1117 videantur
1095 1079 1188 1125 haec,

93 1138 137 1168 ut
161 1131 332 1170 dicantur
357 1146 379 1170 a
403 1146 465 1170 me
490 1134 655 1185 quodam
682 1133 823 1178 modo;
852 1146 909 1170 res
936 1145 974 1170 se
993 1140 1119 1169 tamen
1139 1131 1191 1168 sic

94 1184 219 1222 habet.
259 1185 360 1223 Cum
378 1186 500 1223 omnis
515 1187 631 1224 virtus
650 1186 710 1234 sit,
731 1192 774 1222 ut
792 1192 924 1232 vestra,
937 1186 1071 1232 Brute,
1085 1191 1191 1221 vetus

94 1237 304 1275 Academia
330 1238 440 1285 dixit,
468 1239 726 1283 mediocritas3
760 1245 917 1288 uterque
944 1238 1081 1276 horum
1110 1248 1191 1276 me·

93 1290 201 1327 dium
219 1290 400 1342 quiddam
419 1292 567 1329 volebat
584 1291 712 1341 sequi:
743 1291 806 1328 sed
820 1291 873 1327 ita
891 1290 1058 1336 cadebat,
1074 1295 1117 1325 ut
1135 1289 1189 1326 al-r

94 1350 149 1380 ter
174 1355 220 1380 ex
245 1344 396 1381 alterius
419 1344 531 1381 laude
555 1352 715 1393 partem,
743 1350 900 1393 uterque
927 1350 1054 1379 autem
1082 1354 1190 1379 suam

94 1402 211 1433 totam
236 1396 398 1433 haberet.

147 1448 251 1485 'rum
278 1450 436 1496 Brutus,
463 1449 563 1486 Cum
593 1462 638 1486 ex
659 1449 726 1486 tua
750 1448 914 1486 oratione
932 1447 1027 1485 mihi
1046 1447 1185 1496 videor,

93 1500 230 1551 inquit,
250 1503 345 1539 bene
364 1502 542 1540 Crassum
562 1509 598 1539 et
620 1502 825 1540 Scaevolam
850 1501 1076 1551 cognovisse,
1104 1507 1187 1538 tum

91 1553 138 1591 de
152 1562 188 1591 te
206 1562 243 1591 et
260 1554 306 1592 de
325 1556 402 1592 Ser.
424 1555 590 1604 Sulpicio
609 1555 787 1604 cogitans,
808 1567 885 1591 esse
903 1553 1108 1604 quamdam
1123 1566 1188 1590 vo-

91 1606 149 1644 bis
161 1619 248 1644 cum
262 1607 335 1645 illis
348 1607 630 1645 similitudinem
640 1607 779 1655 judico.
808 1606 1000 1653 Quonam,
1014 1606 1186 1656 inquam,

92 1659 186 1697 istuc
204 1660 316 1697 modo
333 1662 350 1698 Ρ
379 1660 482 1706 Quia
496 1660 590 1697 mihi
605 1667 641 1696 et
651 1668 693 1697 tu
713 1659 861 1706 videris,
881 1659 1018 1709 inquit,
1038 1665 1187 1695 tantum

90 1712 188 1760 juris
207 1713 324 1750 civilis
343 1713 434 1750 scire
459 1713 631 1759 voluisse,
659 1719 846 1763 quantum
871 1712 958 1748 satis
984 1718 1077 1748 esset
1103 1723 1187 1748 ora-

91 1765 189 1811 wri3
220 1772 256 1802 et
282 1765 432 1804 Servius
461 1765 682 1815 eloquentiae
709 1771 858 1801 tantum
886 1763 1116 1810 assumsisse,
1143 1771 1187 1800 ut

77 1854 81 1857 .
88 1818 152 1866 jus
179 1818 287 1855 civile
312 1818 420 1856 facile
446 1818 562 1868 possit
588 1818 708 1855 tueri:
739 1824 940 1866 aetatesque
970 1823 1113 1864 vestrae,
1143 1823 1187 1853 ut

89 1869 256 1918 illorum,
276 1870 386 1918 nihil,
405 1878 472 1907 aut
489 1883 563 1907 non
582 1870 659 1907 fere
676 1870 858 1915 multum,
879 1869 1067 1906 differunt.

145 1923 260 1961 XLI.
302 1923 355 1960 Et
379 1935 461 1972 ego,
486 1922 548 1961 De
571 1935 647 1970 me,
673 1923 845 1972 inquam,
869 1921 990 1958 dicere
1011 1920 1107 1957 nihil
1131 1927 1187 1958 est

91 1987 260 2014 necesse:
290 1976 337 2013 de
363 1976 491 2014 Servio
516 1982 642 2013 autem
668 1982 705 2013 et
729 1982 771 2012 tu
796 1975 911 2024 probe
938 1972 1043 2020 dicis,
1063 1980 1100 2010 et
1118 1985 1188 2023 ego

90 2028 228 2076 dicam,
248 2028 350 2079 quod
368 2029 498 2066 sentio.
533 2029 624 2065 Non
643 2028 744 2065 enim
764 2027 872 2064 facile
890 2038 1005 2076 quem
1023 2025 1185 2063 dixerim

88 2081 174 2130 plus
193 2081 320 2129 studii,
340 2093 456 2132 quam
474 2081 600 2127 illum,
620 2087 657 2118 et
674 2080 723 2118 ad
742 2079 958 2125 dicendum,
985 2085 1022 2116 et
1039 2078 1087 2115 ad
1106 2090 1188 2115 om-

90 2145 155 2171 nes
173 2135 357 2172 bonarum
375 2146 500 2171 rerum
526 2133 752 2183 disciplinas,
781 2131 1017 2169 adhibuisse:
1047 2143 1135 2186 narn
1155 2139 1192 2169 et
