1407 2324
256 83 333 124 DE
353 81 646 133 ORATORE,
676 81 774 121 Lm.
792 80 874 121 ΙΙΙ.
903 80 1007 120 CAP.
1027 81 1087 119 18.
1142 81 1222 126 307

124 192 193 245 qui
222 191 442 243 patientiam
473 197 510 230 et
540 190 719 228 duritiam
753 190 794 227 in
827 188 1014 228 Socratico
1047 200 1219 227 sermone

123 246 290 285 maxime
313 244 520 294 adamarat,
548 244 682 295 Cynici
706 243 888 294 primum,
915 241 1049 280 deinde
1074 242 1214 280 Stoici:

122 307 207 337 tum
220 300 268 336 ab
286 298 496 348 Aristippo,
522 310 637 349 quem
661 297 737 334 illae
760 297 881 346 magis
905 295 1123 346 voluptariae
1141 294 1216 332 dis.

120 352 332 404 putationes
359 351 599 398 delectarant,
634 350 839 401 CyrenaIca
869 348 1106 400 philosophia
1132 360 1215 385 ma-

121 405 239 453 navit,
259 417 377 456 quam
399 405 464 441 ille
481 411 518 442 et
536 405 616 453 ejus
640 403 776 454 posteri
800 402 1017 453 simpliciter
1041 400 1216 439 defende-

121 466 236 497 runt:
265 459 307 505 ii,
327 457 394 508 qui
412 470 512 495 nunc
527 458 717 507 voluptate
735 456 863 493 omnia
879 455 1101 503 metiuntur,
1121 454 1216 491 dum

120 511 364 551 verecundius
377 510 417 548 id
429 517 561 561 agunt,
577 523 644 548 nec
655 509 828 560 dignitati
839 508 1083 555 satisfaciunt,
1099 519 1216 558 quam

121 578 199 603 non
224 564 509 615 adspernantur,
539 576 608 602 nec
638 563 870 613 voluptatem
901 568 1068 610 tuentur,
1098 572 1215 611 quam

119 617 329 669 amplexari
346 617 489 655 volunt.

171 672 344 709 Fuerunt
367 670 481 708 etiam
505 669 579 707 alia
595 681 732 721 genera
748 667 1071 719 philosophorum,
1091 666 1158 717 qui
1177 679 1216 704 se

118 737 249 764 omnes
280 724 358 762 fere
388 723 591 761 Socraticos
619 735 696 760 esse
722 722 910 767 dicerent3
943 720 1213 767 Eretricorum,

118 777 383 825 Heriuiorum,
405 776 700 827 Megaricorum,
724 775 1054 826 Pyrrhoneorum3
1083 772 1147 810 sed
1172 785 1216 810 ea

116 832 257 870 horum
283 830 321 869 vi
350 837 387 868 et
414 829 728 880 disputationibus
757 835 845 866 sunt
865 826 1012 876 jamdiu
1035 826 1153 863 fracta
1178 832 1216 863 et

117 885 312 923 exstincta.
350 883 415 921 Ex
438 882 513 921 illis
537 890 678 929 autem,
698 894 784 932 quae
801 887 1008 925 remanent,
1029 892 1073 916 ea
1090 879 1214 929 philo-

112 938 259 989 sophia,
278 949 364 988 quae
382 935 542 986 suscepit
559 935 809 986 patrocinium
827 932 1044 984 voluptatis,
1065 932 1132 969 etsi
1151 931 1213 969 cui

114 1004 203 1030 vera
225 990 409 1037 videatur,
434 989 566 1039 procul
588 990 692 1027 abest
710 995 836 1025 tamen
855 988 902 1024 ab
922 999 965 1023 eo
983 985 1076 1033 viro,
1097 997 1212 1036 quem

113 1044 334 1096 quaerimus,
360 1050 397 1080 et
418 1054 533 1093 quem
551 1049 740 1080 auctorem
754 1039 897 1091 publici
910 1038 1066 1085 consilii,
1093 1046 1130 1075 et
1147 1051 1211 1088 ge-

110 1097 238 1135 rendae
252 1096 410 1135 civitatis
424 1096 571 1143 ducem,
593 1103 631 1132 et
648 1093 839 1132 sententiae
857 1100 970 1143 atque
988 1091 1212 1142 eloquentiae

111 1150 336 1202 principem,
362 1150 403 1187 in
427 1156 573 1194 senatu,
599 1148 639 1185 in
657 1147 812 1198 populo,
838 1146 879 1184 in
898 1145 1017 1183 causis
1035 1144 1209 1194 publicis,

111 1217 191 1242 esse
216 1204 403 1242 volumus.
443 1202 528 1240 Nec
553 1201 633 1238 ulla
659 1208 786 1238 tamen
814 1199 847 1237 ei
873 1197 1120 1249 philosophiae
1147 1197 1212 1235 fiet

109 1257 250 1306 injuria
273 1270 297 1294 a
318 1255 438 1294 nobis.
476 1255 570 1293 Non
588 1254 690 1292 enim
708 1253 908 1303 repelletur
925 1251 1026 1298 inde,
1051 1263 1127 1300 quo
1145 1263 1211 1300 ag-

109 1310 217 1362 gredi
233 1309 381 1361 cupiet:
410 1307 476 1346 sed
493 1308 533 1345 in
550 1306 709 1345 hortulis
728 1306 892 1357 quiescet
910 1304 999 1351 suis,
1020 1303 1087 1340 ubi
1101 1304 1209 1349 vu]t;

108 1363 178 1402 ubi
202 1363 316 1401 etiam
332 1363 514 1400 recubans
530 1359 694 1398 molliter
712 1366 749 1397 et
765 1358 934 1404 delicate,
954 1369 1021 1394 nos
1040 1362 1170 1397 avocat
1187 1369 1212 1394 a

110 1417 273 1463 Rostris,
309 1428 333 1453 a
352 1414 518 1464 judiciis,
543 1426 568 1451 a
591 1412 709 1459 curia,
733 1411 889 1448 fortasse
916 1409 1114 1460 sapienter,
1139 1409 1212 1448 hac

108 1469 316 1522 praesertim
334 1467 538 1518 republica„
578 1465 727 1504 Verum
752 1476 821 1514 ego
839 1475 916 1501 non
940 1474 1068 1514 quaero
1091 1474 1208 1509 nunc,

109 1536 197 1575 quae
221 1522 269 1561 sit
294 1519 532 1572 philosophia
554 1518 759 1564 verissima,
779 1516 844 1555 sed
862 1529 948 1566 quae
965 1515 1103 1553 oratori
1121 1526 1210 1552 con-

107 1579 241 1628 juncta
256 1573 436 1613 maxime.
464 1572 596 1620 Quare
608 1571 697 1610 istos
711 1570 791 1608 sine
807 1569 889 1607 ulla
906 1568 1134 1607 contumelia
1151 1567 1210 1604 di-

110 1631 332 1670 mittamus:
361 1633 450 1665 sunt
473 1625 574 1664 enim
598 1631 636 1662 et
655 1623 747 1662 boni
763 1622 847 1671 viri,
867 1630 905 1660 et
922 1621 1119 1672 (quoniam
1137 1620 1210 1659 sibi

109 1685 165 1723 ita
181 1682 371 1729 videntur)
388 1678 513 1725 beati3
541 1684 766 1727 tantumque
783 1689 844 1714 eos
862 1675 1146 1721 admoneamus,
1165 1680 1210 1711 ut

109 1736 222 1784 illud,
241 1735 355 1774 etiam
378 1734 410 1771 si
427 1739 482 1771 est
505 1731 755 1777 verissimum,
774 1729 931 1767 tacitum
949 1734 1090 1774 tamen,
1110 1734 1210 1764 tam-

111 1802 231 1843 quam
253 1786 489 1839 mysterium,
514 1790 680 1831 teneant,
706 1781 810 1835 quod
835 1788 976 1832 negant
1003 1780 1140 1818 versari
1167 1779 1209 1817 in

111 1841 306 1895 republica
332 1852 409 1878 esse
435 1838 622 1890 sapientis.
661 1836 781 1883 Nam,
809 1835 841 1873 si
864 1835 936 1872 hoc
962 1834 1069 1871 nobis
1095 1840 1210 1883 atque

112 1897 257 1948 optimo
270 1893 406 1944 cuique
418 1891 680 1943 persuaserint,
695 1901 772 1927 non
785 1894 962 1940 poterunt
974 1886 1047 1937 ipsi
1060 1898 1137 1924 esse
1152 1885 1209 1929 (id

115 1949 218 2002 quod
234 1946 402 1986 maxime
419 1945 593 1996 cupiunt)
611 1942 731 1982 otiosi.

166 1999 332 2041 XVIII.
351 2000 494 2039 Stoicos
511 2004 653 2044 autem,
671 2008 766 2047 quos
778 1994 936 2032 minime
949 1992 1135 2042 improbo,
1150 1990 1209 2032 di,

114 2055 225 2094 mitto
240 2060 394 2099 tamen3
413 2064 482 2092 nec
498 2064 559 2090 eos
575 2051 688 2088 iratos
706 2061 846 2094 vereor,
861 2046 1040 2098 quoniam
1054 2043 1209 2082 omnino

116 2107 224 2149 irasci
242 2106 434 2146 nesciunt:
464 2112 578 2156 atque
595 2104 695 2142 hanc
712 2102 758 2140 iis
778 2102 898 2139 habeo
917 2098 1091 2149 gratiam,
1106 2097 1210 2148 quod

117 2162 187 2204 soli
200 2173 247 2202 ex
260 2158 434 2202 omnibus
447 2157 713 2212 eloquentiam,
734 2155 910 2196 virtutem
927 2165 970 2193 ac
988 2150 1209 2204 sapientiam
