1429 2344
183 84 261 124 398
292 82 369 121 DE
391 82 599 120 CLARIS
620 80 1138 129 ORA'1‘ORIBL18‚GA1›.
1160 82 1224 119 46.

182 190 417 242 republica,
407 190 527 250 ipsius
546 189 737 240 dignitati,
754 189 853 227 satis.
884 189 1031 228 Eodem
1047 197 1216 240 tempore
1231 187 1292 225 M.

182 243 431 283 Herennius
421 255 462 280 in
481 242 734 280 mediocribus
753 243 976 289 oratoribus,
998 243 1135 281 Latine
1153 250 1191 280 et
1209 241 1295 280 dili-

182 305 314 349 genter
326 297 586 348 loquentibus,
607 303 829 333 numeratus
848 304 926 334 est·
956 297 1023 348 qui
1042 304 1170 334 tamen
1189 307 1294 334 sum-

182 352 249 389 ma
267 351 464 389 nobilitate
488 349 700 395 hominem,
724 350 960 400 cognatione,
987 350 1197 397 sodalitate,
1217 349 1294 387 col-

183 405 296 456 legio,
323 403 477 442 summa
507 404 621 441 etiam
652 403 882 455 eloquentia,
913 404 960 441 L.
983 404 1223 454 Philippum,
1252 402 1293 440 in

183 458 399 496 consulatfis
429 457 609 508 petitione
635 457 837 508 superavit.
876 457 1026 495 Eodem
1052 465 1221 508 tempore
1248 455 1293 494 C.

185 512 358 559 Clodius,
375 512 456 559 etsi,
473 517 626 562 propter
644 523 836 548 summam
855 511 1092 549 nobilitatem
1111 518 1148 549 et
1165 510 1297 560 singu-

183 566 303 605 larem
335 565 558 616 potentiam,
593 577 758 613 magnus
789 572 882 611 erat,
911 571 1039 602 tamen
1072 564 1187 603 etiam
1220 565 1297 602 elo-

183 619 349 670 quentiae
364 618 572 670 quamdam
586 618 885 656 mediocritatem
899 618 1089 657 afferebat.
1109 617 1297 666 Ejusdem

184 674 262 712 fere
288 672 468 723 temporis
496 672 570 709 fuit
595 685 710 723 eques
735 672 936 710 Romanus
966 672 1011 710 C.
1038 672 1182 718 Titius,
1213 670 1296 722 qui,

184 740 272 765 meo
287 726 445 775 judicio,
469 739 513 763 eo
539 725 752 776 pervenisse
777 725 938 772 videtur,
969 738 1045 777 quo
1069 725 1196 776 potuit
1220 725 1299 762 fere

184 780 349 819 Latinus
364 787 501 825 orator,
517 780 597 817 sine
613 779 754 817 Graecis
768 779 901 826 literis,
921 786 958 817 et
976 779 1056 818 sine
1070 779 1194 817 multo
1208 791 1297 824 usu,

183 834 390 886 pervenire.
421 833 554 882 Hujus
572 832 758 871 orationes
773 840 923 870 tantum
943 833 1193 883 argutiarum,
1214 839 1298 870 tan-

184 895 271 926 tum
303 887 582 938 exemplorum,
622 893 773 924 tantum
805 887 1030 924 urbanitatis
1061 887 1218 934 habent,
1254 893 1298 922 ut

184 954 293 993 paene
307 941 439 978 Attico
454 940 540 978 stilo
554 940 702 990 scriptae
716 953 794 978 esse
812 940 1022 978 videantur.
1051 939 1220 977 Easdem
1239 952 1299 976 ar·

179 995 311 1046 ,gutias
329 995 370 1032 in
395 994 608 1044 tragoedias,
630 994 720 1032 satis
745 993 902 1044 quidem
920 994 985 1032 ille
1003 1000 1126 1041 acute,
1147 993 1213 1031 sed
1230 1006 1298 1044 pa-

184 1061 274 1088 rum
297 1048 453 1099 tragice,
480 1047 684 1085 transtulit.
733 1047 863 1094 Quem
889 1047 1065 1086 studebat
1086 1047 1229 1084 imitari
1248 1046 1297 1084 L.

180 1102 372 1140 Afranius
391 1105 517 1152 poeta,
537 1100 653 1141 homo
671 1108 910 1151 perargutus,
930 1101 971 1138 in
990 1101 1129 1139 fabulis
1143 1100 1299 1151 quidem

187 1156 317 1205 etiam,
347 1161 392 1193 ut
421 1154 534 1202 scitis,
567 1155 739 1192 disertus.
786 1154 879 1192 Fuit
907 1155 1022 1193 etiam
1051 1154 1102 1202 Q.
1128 1153 1301 1192 Rubrius

186 1209 326 1257 Varro,
355 1209 424 1261 qui
448 1221 471 1247 a
490 1216 622 1246 senatu
642 1208 760 1246 hostis
779 1220 867 1245 cum
888 1208 932 1246 C.
955 1208 1084 1246 Mario
1106 1207 1300 1256 judicatus

186 1270 256 1310 est,
286 1276 370 1301 acer
394 1270 432 1300 et
450 1262 654 1300 vehemens
673 1269 875 1300 accusator.
925 1262 974 1299 In
994 1275 1038 1299 eo
1056 1274 1192 1312 genere
1210 1273 1299 1299 sane

185 1316 407 1368 probabilis,
437 1315 569 1354 doctus
588 1323 716 1353 autem
737 1315 880 1353 Graecis
903 1315 1034 1362 literis,
1062 1315 1300 1366 propinquus

186 1377 326 1418 noster,
354 1370 476 1407 factus
495 1369 542 1406 ad
569 1368 789 1415 dicendum,
817 1368 878 1406 M.
897 1369 1108 1416 Gratidius,
1130 1368 1192 1406 M.
1212 1369 1300 1406 An-

185 1424 281 1462 tonii
299 1423 580 1475 perfamiliaris,
601 1424 710 1471 cujus
729 1422 928 1474 praefectus
948 1435 1036 1460 cum
1063 1429 1158 1460 esset
1174 1422 1216 1459 in
1235 1421 1301 1460 Ci-

184 1477 288 1525 licia,
318 1484 374 1515 est
405 1477 650 1522 interfectus3
681 1477 748 1527 qui
777 1476 966 1515 accusavit
999 1477 1043 1514 C.
1070 1476 1298 1523 Fimbriam,

185 1531 248 1569 M.
270 1530 391 1569 Marii
410 1529 626 1568 Gratidiani
644 1538 762 1581 pater.

239 1584 397 1622 XLVI.
421 1585 556 1635 Atque
575 1583 690 1621 etiam
709 1583 813 1634 apud
831 1583 949 1621 socios
968 1590 1005 1621 et
1023 1583 1197 1629 Latinos,
1217 1595 1300 1621 ora-

185 1646 283 1676 tores
313 1638 435 1676 habiti
464 1645 553 1675 sunt
583 1636 634 1684 Q.
656 1637 810 1675 Vettius
840 1637 1059 1684 Vettianus,
1091 1650 1112 1675 e
1142 1636 1298 1683 Marsis,

185 1704 302 1741 quem
316 1692 396 1741 ipse
410 1690 583 1741 cognovi,
603 1690 770 1741 prudens
785 1691 856 1738 vir,
873 1698 910 1729 et
922 1691 963 1728 in
978 1690 1136 1729 dicendo
1151 1690 1297 1728 brevis:

184 1744 236 1791 Q.
258 1752 295 1783 et
314 1744 365 1782 D.
382 1744 528 1783 Valerii
547 1744 695 1790 Sorani,
717 1744 830 1782 vicini
845 1751 881 1782 et
894 1744 1100 1782 famssiares
1114 1743 1204 1789 mei,
1221 1755 1298 1781 non

183 1804 264 1836 tam
282 1799 323 1836 in
343 1798 502 1836 dicendo
517 1797 772 1844 admirabiles,
790 1810 907 1848 quam
926 1798 1028 1835 docti
1047 1803 1084 1835 et
1096 1797 1238 1835 Graecis
1252 1797 1299 1835 li-

183 1852 272 1890 teris
298 1858 335 1890 et
355 1851 527 1889 Latinis:
560 1850 605 1888 C.
623 1851 857 1889 Rusticelius
875 1850 1143 1896 Bononiensis,
1163 1850 1195 1888 is
1213 1851 1300 1901 qui-

182 1904 272 1943 dem
302 1912 340 1944 et
368 1905 606 1951 exercitatus,
640 1911 676 1941 et
702 1905 840 1942 natura
870 1904 1058 1942 volubilis.
1107 1903 1299 1942 Omnium

182 1966 311 1997 autem
325 1957 654 2009 eloquentissimus
671 1966 777 1995 extra
787 1958 888 1995 hanc
902 1959 1036 1995 urbem
1051 1957 1102 1995 T.
1116 1957 1301 1996 Betucius

183 2012 328 2050 Barrus
353 2012 587 2058 Asculanus,
612 2011 721 2059 cujus
746 2019 836 2049 sunt
853 2010 1001 2061 aliquot
1017 2011 1203 2049 orationes
1221 2011 1302 2048 As-

183 2066 260 2105 culi
284 2066 449 2103 habitae:
479 2064 547 2102 ina
576 2065 714 2102 Romae
743 2072 874 2103 contra
900 2064 1134 2116 Caepionem,
1161 2064 1302 2102 nobilis

182 2132 286 2167 sane,
308 2118 370 2157 cui
384 2118 545 2157 orationi
565 2118 755 2170 Caepionis
774 2131 837 2156 ore
851 2118 1046 2169 respondit
1059 2118 1213 2163 AElius3
1234 2118 1302 2169 qui

184 2172 409 2224 scriptitavit
432 2172 618 2211 orationes
648 2172 804 2219 multas,
840 2179 965 2210 orator
993 2172 1074 2223 ipse
1102 2183 1302 2223 nunquam
