<?xml version="1.0" encoding="UTF-8"?>
<!DOCTYPE html PUBLIC "-//W3C//DTD XHTML 1.0 Transitional//EN"
    "http://www.w3.org/TR/xhtml1/DTD/xhtml1-transitional.dtd">
<html xmlns="http://www.w3.org/1999/xhtml" xml:lang="en" lang="en">
 <head>
  <title>
</title>
<meta http-equiv="Content-Type" content="text/html;charset=utf-8" />
  <meta name='ocr-system' content='tesseract 3.04.00' />
  <meta name='ocr-capabilities' content='ocr_page ocr_carea ocr_par ocr_line ocrx_word'/>
</head>
<body>
  <div class='ocr_page' id='page_1' title='image "./operaern01ciceuoft_0461.png"; bbox 0 0 1407 2324; ppageno 0'>
   <div class='ocr_carea' id='block_1_1' title="bbox 177 47 1197 113">
    <p class='ocr_par' dir='ltr' id='par_1_1' title="bbox 177 47 1197 113">
     <span class='ocr_line' id='line_1_1' title="bbox 177 47 1197 113; baseline -0.001 -9"><span class='ocrx_word' id='word_1_1' title='bbox 177 58 255 104; x_wconf 82' lang='lat' dir='ltr'>DE</span> <span class='ocrx_word' id='word_1_2' title='bbox 275 65 477 106; x_wconf 79' lang='lat' dir='ltr'><strong>CLARIS</strong></span> <span class='ocrx_word' id='word_1_3' title='bbox 495 47 877 113; x_wconf 77' lang='lat' dir='ltr'>ORATomBUs,</span> <span class='ocrx_word' id='word_1_4' title='bbox 900 63 1005 104; x_wconf 52' lang='lat' dir='ltr'>exp.</span> <span class='ocrx_word' id='word_1_5' title='bbox 1020 66 1083 104; x_wconf 82' lang='grc'>93.</span> <span class='ocrx_word' id='word_1_6' title='bbox 1113 69 1197 103; x_wconf 75' lang='lat'><strong>443-</strong></span> 
     </span>
    </p>
   </div>
   <div class='ocr_carea' id='block_1_2' title="bbox 80 171 1191 2191">
    <p class='ocr_par' dir='ltr' id='par_1_2' title="bbox 87 171 1191 900">
     <span class='ocr_line' id='line_1_2' title="bbox 93 171 1191 224; baseline -0.002 -13"><span class='ocrx_word' id='word_1_7' title='bbox 93 184 156 211; x_wconf 90' lang='lat' dir='ltr'>me</span> <span class='ocrx_word' id='word_1_8' title='bbox 181 178 403 224; x_wconf 62' lang='lat' dir='ltr'>quaestorem</span> <span class='ocrx_word' id='word_1_9' title='bbox 428 172 629 212; x_wconf 84' lang='lat' dir='ltr'>Siciliensis</span> <span class='ocrx_word' id='word_1_10' title='bbox 653 172 798 223; x_wconf 88' lang='lat' dir='ltr'>excepit</span> <span class='ocrx_word' id='word_1_11' title='bbox 829 184 973 210; x_wconf 89' lang='lat' dir='ltr'>annus:</span> <span class='ocrx_word' id='word_1_12' title='bbox 1005 171 1116 210; x_wconf 89' lang='lat' dir='ltr'>Cotta</span> <span class='ocrx_word' id='word_1_13' title='bbox 1141 184 1191 210; x_wconf 78' lang='lat' dir='ltr'>ex</span> 
     </span>
     <span class='ocr_line' id='line_1_3' title="bbox 92 225 1187 276; baseline 0 -13"><span class='ocrx_word' id='word_1_14' title='bbox 92 226 287 264; x_wconf 79' lang='lat' dir='ltr'><strong>consulatu</strong></span> <span class='ocrx_word' id='word_1_15' title='bbox 307 234 361 264; x_wconf 89' lang='lat' dir='ltr'>est</span> <span class='ocrx_word' id='word_1_16' title='bbox 377 226 565 276; x_wconf 87' lang='lat' dir='ltr'>profectus</span> <span class='ocrx_word' id='word_1_17' title='bbox 583 227 621 264; x_wconf 90' lang='lat' dir='ltr'>in</span> <span class='ocrx_word' id='word_1_18' title='bbox 642 226 809 264; x_wconf 84' lang='lat' dir='ltr'>Galliam</span> <span class='ocrx_word' id='word_1_19' title='bbox 825 239 835 262; x_wconf 76' lang='lat' dir='ltr'><em>z</em></span> <span class='ocrx_word' id='word_1_20' title='bbox 865 225 1035 276; x_wconf 86' lang='lat' dir='ltr'>princeps</span> <span class='ocrx_word' id='word_1_21' title='bbox 1053 233 1090 263; x_wconf 90' lang='lat' dir='ltr'>et</span> <span class='ocrx_word' id='word_1_22' title='bbox 1108 233 1187 263; x_wconf 82' lang='lat' dir='ltr'>erat</span> 
     </span>
     <span class='ocr_line' id='line_1_4' title="bbox 91 278 1186 328; baseline -0.001 -12"><span class='ocrx_word' id='word_1_23' title='bbox 91 285 129 316; x_wconf 89' lang='lat' dir='ltr'>et</span> <span class='ocrx_word' id='word_1_24' title='bbox 152 278 360 322; x_wconf 72' lang='lat' dir='ltr'><strong>habebatur</strong></span> <span class='ocrx_word' id='word_1_25' title='bbox 378 280 613 318; x_wconf 88' lang='lat' dir='ltr'>Hortensius.</span> <span class='ocrx_word' id='word_1_26' title='bbox 657 279 759 318; x_wconf 88' lang='lat' dir='ltr'>Cum</span> <span class='ocrx_word' id='word_1_27' title='bbox 792 285 918 316; x_wconf 88' lang='lat' dir='ltr'>autem</span> <span class='ocrx_word' id='word_1_28' title='bbox 947 291 1045 316; x_wconf 85' lang='lat' dir='ltr'>anno</span> <span class='ocrx_word' id='word_1_29' title='bbox 1063 286 1148 328; x_wconf 89' lang='lat' dir='ltr'>post</span> <span class='ocrx_word' id='word_1_30' title='bbox 1166 291 1186 315; x_wconf 88' lang='lat' dir='ltr'>e</span> 
     </span>
     <span class='ocr_line' id='line_1_5' title="bbox 91 331 1184 383; baseline -0.001 -14"><span class='ocrx_word' id='word_1_31' title='bbox 91 331 219 370; x_wconf 66' lang='lat' dir='ltr'>Sicilia</span> <span class='ocrx_word' id='word_1_32' title='bbox 236 345 298 370; x_wconf 93' lang='lat' dir='ltr'>me</span> <span class='ocrx_word' id='word_1_33' title='bbox 322 332 553 383; x_wconf 82' lang='lat' dir='ltr'>recepissem,</span> <span class='ocrx_word' id='word_1_34' title='bbox 583 334 663 382; x_wconf 87' lang='lat' dir='ltr'>jam</span> <span class='ocrx_word' id='word_1_35' title='bbox 696 332 890 369; x_wconf 83' lang='lat' dir='ltr'>videbatur</span> <span class='ocrx_word' id='word_1_36' title='bbox 917 331 1013 369; x_wconf 89' lang='lat' dir='ltr'>illud</span> <span class='ocrx_word' id='word_1_37' title='bbox 1040 331 1079 368; x_wconf 87' lang='lat' dir='ltr'>in</span> <span class='ocrx_word' id='word_1_38' title='bbox 1108 344 1184 376; x_wconf 83' lang='lat' dir='ltr'>me,</span> 
     </span>
     <span class='ocr_line' id='line_1_6' title="bbox 88 384 1184 436; baseline 0 -14"><span class='ocrx_word' id='word_1_39' title='bbox 88 384 275 436; x_wconf 85' lang='lat' dir='ltr'>quidquid</span> <span class='ocrx_word' id='word_1_40' title='bbox 302 393 409 431; x_wconf 86' lang='lat' dir='ltr'>esset,</span> <span class='ocrx_word' id='word_1_41' title='bbox 429 399 505 424; x_wconf 86' lang='lat' dir='ltr'>esse</span> <span class='ocrx_word' id='word_1_42' title='bbox 530 386 749 436; x_wconf 83' lang='lat' dir='ltr'>perfectum,</span> <span class='ocrx_word' id='word_1_43' title='bbox 770 392 806 422; x_wconf 88' lang='lat' dir='ltr'>et</span> <span class='ocrx_word' id='word_1_44' title='bbox 824 385 959 422; x_wconf 83' lang='lat' dir='ltr'>habere</span> <span class='ocrx_word' id='word_1_45' title='bbox 986 385 1184 422; x_wconf 76' lang='lat' dir='ltr'>maturita-</span> 
     </span>
     <span class='ocr_line' id='line_1_7' title="bbox 88 438 1181 488; baseline -0.001 -13"><span class='ocrx_word' id='word_1_46' title='bbox 88 444 168 476; x_wconf 89' lang='lat' dir='ltr'>tem</span> <span class='ocrx_word' id='word_1_47' title='bbox 196 438 402 488; x_wconf 88' lang='lat' dir='ltr'>quamdam</span> <span class='ocrx_word' id='word_1_48' title='bbox 429 452 548 476; x_wconf 87' lang='lat' dir='ltr'>suam.</span> <span class='ocrx_word' id='word_1_49' title='bbox 591 439 718 476; x_wconf 78' lang='lat' dir='ltr'>Nimis</span> <span class='ocrx_word' id='word_1_50' title='bbox 746 439 867 475; x_wconf 82' lang='lat' dir='ltr'>multa</span> <span class='ocrx_word' id='word_1_51' title='bbox 888 438 1014 475; x_wconf 81' lang='lat' dir='ltr'>videor</span> <span class='ocrx_word' id='word_1_52' title='bbox 1041 438 1086 475; x_wconf 87' lang='lat' dir='ltr'>de</span> <span class='ocrx_word' id='word_1_53' title='bbox 1105 451 1181 483; x_wconf 85' lang='lat' dir='ltr'>mc,</span> 
     </span>
     <span class='ocr_line' id='line_1_8' title="bbox 91 490 1185 541; baseline -0.001 -13"><span class='ocrx_word' id='word_1_54' title='bbox 91 490 172 541; x_wconf 90' lang='lat' dir='ltr'>ipse</span> <span class='ocrx_word' id='word_1_55' title='bbox 188 491 394 541; x_wconf 84' lang='lat' dir='ltr'>praesertim</span> <span class='ocrx_word' id='word_1_56' title='bbox 411 506 421 528; x_wconf 90' lang='lat'>:</span> <span class='ocrx_word' id='word_1_57' title='bbox 452 492 517 529; x_wconf 90' lang='lat' dir='ltr'>sed</span> <span class='ocrx_word' id='word_1_58' title='bbox 535 492 639 529; x_wconf 90' lang='lat' dir='ltr'>omni</span> <span class='ocrx_word' id='word_1_59' title='bbox 657 491 744 529; x_wconf 90' lang='lat' dir='ltr'>huic</span> <span class='ocrx_word' id='word_1_60' title='bbox 763 491 925 528; x_wconf 86' lang='lat' dir='ltr'>sermoni</span> <span class='ocrx_word' id='word_1_61' title='bbox 952 491 1185 541; x_wconf 85' lang='lat' dir='ltr'>propositum</span> 
     </span>
     <span class='ocr_line' id='line_1_9' title="bbox 87 543 1185 595; baseline -0.003 -13"><span class='ocrx_word' id='word_1_62' title='bbox 87 550 156 591; x_wconf 87' lang='lat' dir='ltr'>est,</span> <span class='ocrx_word' id='word_1_63' title='bbox 176 555 251 581; x_wconf 89' lang='lat' dir='ltr'>non</span> <span class='ocrx_word' id='word_1_64' title='bbox 269 551 313 581; x_wconf 92' lang='lat' dir='ltr'>ut</span> <span class='ocrx_word' id='word_1_65' title='bbox 329 544 524 595; x_wconf 86' lang='lat' dir='ltr'>ingenium</span> <span class='ocrx_word' id='word_1_66' title='bbox 552 551 588 582; x_wconf 88' lang='lat' dir='ltr'>et</span> <span class='ocrx_word' id='word_1_67' title='bbox 614 543 865 594; x_wconf 83' lang='lat' dir='ltr'>eloquentiam</span> <span class='ocrx_word' id='word_1_68' title='bbox 893 557 1018 581; x_wconf 87' lang='lat' dir='ltr'>meam</span> <span class='ocrx_word' id='word_1_69' title='bbox 1042 544 1185 595; x_wconf 79' lang='lat' dir='ltr'>perspi-</span> 
     </span>
     <span class='ocr_line' id='line_1_10' title="bbox 89 596 1185 648; baseline -0.003 -13"><span class='ocrx_word' id='word_1_70' title='bbox 89 596 164 635; x_wconf 84' lang='lat' dir='ltr'>cias</span> <span class='ocrx_word' id='word_1_71' title='bbox 183 596 303 648; x_wconf 90' lang='lat' dir='ltr'>(unde</span> <span class='ocrx_word' id='word_1_72' title='bbox 319 596 617 647; x_wconf 84' lang='lat' dir='ltr'>longeabsum),</span> <span class='ocrx_word' id='word_1_73' title='bbox 645 596 710 634; x_wconf 86' lang='lat' dir='ltr'>sed</span> <span class='ocrx_word' id='word_1_74' title='bbox 727 602 771 632; x_wconf 92' lang='lat' dir='ltr'>ut</span> <span class='ocrx_word' id='word_1_75' title='bbox 793 596 974 643; x_wconf 83' lang='lat' dir='ltr'>laborem,</span> <span class='ocrx_word' id='word_1_76' title='bbox 1000 604 1036 634; x_wconf 85' lang='lat' dir='ltr'>et</span> <span class='ocrx_word' id='word_1_77' title='bbox 1054 597 1185 634; x_wconf 82' lang='lat' dir='ltr'>indus-</span> 
     </span>
     <span class='ocr_line' id='line_1_11' title="bbox 88 647 1184 700; baseline -0.002 -13"><span class='ocrx_word' id='word_1_78' title='bbox 88 649 213 687; x_wconf 87' lang='lat' dir='ltr'>triam.</span> <span class='ocrx_word' id='word_1_79' title='bbox 255 647 357 689; x_wconf 90' lang='lat' dir='ltr'>Cum</span> <span class='ocrx_word' id='word_1_80' title='bbox 384 650 499 700; x_wconf 92' lang='lat' dir='ltr'>igitur</span> <span class='ocrx_word' id='word_1_81' title='bbox 528 662 645 688; x_wconf 86' lang='lat' dir='ltr'>essem</span> <span class='ocrx_word' id='word_1_82' title='bbox 677 649 716 686; x_wconf 93' lang='lat' dir='ltr'>in</span> <span class='ocrx_word' id='word_1_83' title='bbox 744 649 917 698; x_wconf 87' lang='lat' dir='ltr'>plurimis</span> <span class='ocrx_word' id='word_1_84' title='bbox 936 650 1070 697; x_wconf 83' lang='lat' dir='ltr'>causis,</span> <span class='ocrx_word' id='word_1_85' title='bbox 1091 657 1127 687; x_wconf 92' lang='lat' dir='ltr'>et</span> <span class='ocrx_word' id='word_1_86' title='bbox 1144 649 1184 685; x_wconf 92' lang='lat' dir='ltr'>in</span> 
     </span>
     <span class='ocr_line' id='line_1_12' title="bbox 90 699 1185 754; baseline -0.001 -13"><span class='ocrx_word' id='word_1_87' title='bbox 90 699 322 753; x_wconf 87' lang='lat' dir='ltr'>principibus</span> <span class='ocrx_word' id='word_1_88' title='bbox 345 702 525 753; x_wconf 85' lang='lat' dir='ltr'>patronis,</span> <span class='ocrx_word' id='word_1_89' title='bbox 556 701 860 754; x_wconf 89' lang='lat' dir='ltr'>quinquennium</span> <span class='ocrx_word' id='word_1_90' title='bbox 893 701 969 740; x_wconf 89' lang='lat' dir='ltr'>fere</span> <span class='ocrx_word' id='word_1_91' title='bbox 1005 709 1185 749; x_wconf 72' lang='lat' dir='ltr'>versatuS,</span> 
     </span>
     <span class='ocr_line' id='line_1_13' title="bbox 90 754 1184 806; baseline -0.002 -12"><span class='ocrx_word' id='word_1_92' title='bbox 90 762 175 794; x_wconf 86' lang='lat' dir='ltr'>tum</span> <span class='ocrx_word' id='word_1_93' title='bbox 210 756 251 792; x_wconf 90' lang='lat' dir='ltr'>in</span> <span class='ocrx_word' id='word_1_94' title='bbox 280 755 485 806; x_wconf 84' lang='lat' dir='ltr'>patrocinio</span> <span class='ocrx_word' id='word_1_95' title='bbox 515 755 698 794; x_wconf 82' lang='lat' dir='ltr'>Siciliensi</span> <span class='ocrx_word' id='word_1_96' title='bbox 729 754 896 792; x_wconf 86' lang='lat' dir='ltr'>maxime</span> <span class='ocrx_word' id='word_1_97' title='bbox 926 755 966 791; x_wconf 90' lang='lat' dir='ltr'>in</span> <span class='ocrx_word' id='word_1_98' title='bbox 998 763 1184 792; x_wconf 87' lang='lat' dir='ltr'>certamen</span> 
     </span>
     <span class='ocr_line' id='line_1_14' title="bbox 91 808 1188 860; baseline 0 -14"><span class='ocrx_word' id='word_1_99' title='bbox 91 808 190 855; x_wconf 87' lang='lat' dir='ltr'>veni,</span> <span class='ocrx_word' id='word_1_100' title='bbox 210 808 424 860; x_wconf 87' lang='lat' dir='ltr'>designatus</span> <span class='ocrx_word' id='word_1_101' title='bbox 443 809 573 857; x_wconf 82' lang='lat' dir='ltr'>aedilis,</span> <span class='ocrx_word' id='word_1_102' title='bbox 593 821 681 847; x_wconf 91' lang='lat' dir='ltr'>cum</span> <span class='ocrx_word' id='word_1_103' title='bbox 699 808 891 858; x_wconf 87' lang='lat' dir='ltr'>designato</span> <span class='ocrx_word' id='word_1_104' title='bbox 914 809 1064 846; x_wconf 86' lang='lat' dir='ltr'>consule</span> <span class='ocrx_word' id='word_1_105' title='bbox 1084 808 1188 846; x_wconf 91' lang='lat' dir='ltr'>Hor-</span> 
     </span>
     <span class='ocr_line' id='line_1_15' title="bbox 91 861 222 900; baseline -0.008 0"><span class='ocrx_word' id='word_1_106' title='bbox 91 861 222 900; x_wconf 84' lang='lat' dir='ltr'>tensio.</span> 
     </span>
    </p>

    <p class='ocr_par' dir='ltr' id='par_1_3' title="bbox 87 913 1186 1167">
     <span class='ocr_line' id='line_1_16' title="bbox 104 913 1184 967; baseline -0.001 -14"><span class='ocrx_word' id='word_1_107' title='bbox 104 955 112 964; x_wconf 15' lang='grc' dir='ltr'>,Α</span> <span class='ocrx_word' id='word_1_108' title='bbox 154 913 312 954; x_wconf 92' lang='lat' dir='ltr'>XCIII.</span> <span class='ocrx_word' id='word_1_109' title='bbox 340 915 429 963; x_wconf 92' lang='lat' dir='ltr'>Sed,</span> <span class='ocrx_word' id='word_1_110' title='bbox 459 916 639 967; x_wconf 84' lang='lat' dir='ltr'>quoniam</span> <span class='ocrx_word' id='word_1_111' title='bbox 669 915 791 953; x_wconf 90' lang='lat' dir='ltr'>omnis</span> <span class='ocrx_word' id='word_1_112' title='bbox 819 914 880 953; x_wconf 90' lang='lat' dir='ltr'>hic</span> <span class='ocrx_word' id='word_1_113' title='bbox 908 927 1029 953; x_wconf 90' lang='lat' dir='ltr'>sermo</span> <span class='ocrx_word' id='word_1_114' title='bbox 1059 921 1184 953; x_wconf 87' lang='lat' dir='ltr'>noster</span> 
     </span>
     <span class='ocr_line' id='line_1_17' title="bbox 89 967 1186 1014; baseline -0.002 -7"><span class='ocrx_word' id='word_1_115' title='bbox 89 979 166 1007; x_wconf 87' lang='lat' dir='ltr'>non</span> <span class='ocrx_word' id='word_1_116' title='bbox 185 969 308 1007; x_wconf 90' lang='lat' dir='ltr'>solum</span> <span class='ocrx_word' id='word_1_117' title='bbox 325 970 644 1007; x_wconf 86' lang='lat' dir='ltr'>enumerationem</span> <span class='ocrx_word' id='word_1_118' title='bbox 670 967 884 1014; x_wconf 90' lang='lat' dir='ltr'>oratoriam,</span> <span class='ocrx_word' id='word_1_119' title='bbox 913 981 1044 1006; x_wconf 85' lang='lat' dir='ltr'>verum</span> <span class='ocrx_word' id='word_1_120' title='bbox 1072 969 1186 1006; x_wconf 87' lang='lat' dir='ltr'>etiam</span> 
     </span>
     <span class='ocr_line' id='line_1_18' title="bbox 87 1021 1186 1073; baseline 0.001 -15"><span class='ocrx_word' id='word_1_121' title='bbox 87 1028 273 1072; x_wconf 83' lang='lat' dir='ltr'>praecepta</span> <span class='ocrx_word' id='word_1_122' title='bbox 290 1022 479 1073; x_wconf 88' lang='lat' dir='ltr'>quaedam,</span> <span class='ocrx_word' id='word_1_123' title='bbox 494 1022 700 1067; x_wconf 79' lang='lat' dir='ltr'>desiderat3</span> <span class='ocrx_word' id='word_1_124' title='bbox 731 1021 824 1072; x_wconf 91' lang='lat' dir='ltr'>quid</span> <span class='ocrx_word' id='word_1_125' title='bbox 842 1028 1036 1072; x_wconf 85' lang='lat' dir='ltr'>tamquam</span> <span class='ocrx_word' id='word_1_126' title='bbox 1052 1029 1186 1059; x_wconf 81' lang='lat' dir='ltr'>notan-</span> 
     </span>
     <span class='ocr_line' id='line_1_19' title="bbox 87 1073 1182 1124; baseline 0 -12"><span class='ocrx_word' id='word_1_127' title='bbox 87 1073 182 1112; x_wconf 89' lang='lat' dir='ltr'>dum</span> <span class='ocrx_word' id='word_1_128' title='bbox 209 1082 246 1113; x_wconf 90' lang='lat' dir='ltr'>et</span> <span class='ocrx_word' id='word_1_129' title='bbox 271 1074 644 1114; x_wconf 86' lang='lat' dir='ltr'>animadvertendum</span> <span class='ocrx_word' id='word_1_130' title='bbox 663 1075 711 1114; x_wconf 89' lang='lat' dir='ltr'>sit</span> <span class='ocrx_word' id='word_1_131' title='bbox 728 1075 767 1113; x_wconf 93' lang='lat' dir='ltr'>in</span> <span class='ocrx_word' id='word_1_132' title='bbox 787 1074 1004 1124; x_wconf 87' lang='lat' dir='ltr'>Hortensio,</span> <span class='ocrx_word' id='word_1_133' title='bbox 1022 1075 1182 1114; x_wconf 89' lang='lat' dir='ltr'>breviter</span> 
     </span>
     <span class='ocr_line' id='line_1_20' title="bbox 88 1126 325 1167; baseline 0.008 -2"><span class='ocrx_word' id='word_1_134' title='bbox 88 1126 176 1166; x_wconf 89' lang='lat' dir='ltr'>licet</span> <span class='ocrx_word' id='word_1_135' title='bbox 192 1127 325 1167; x_wconf 82' lang='lat' dir='ltr'>dicere.</span> 
     </span>
    </p>

    <p class='ocr_par' dir='ltr' id='par_1_4' title="bbox 80 1180 1183 1872">
     <span class='ocr_line' id='line_1_21' title="bbox 138 1180 1181 1234; baseline 0.001 -16"><span class='ocrx_word' id='word_1_136' title='bbox 138 1180 245 1219; x_wconf 88' lang='lat' dir='ltr'>Nam</span> <span class='ocrx_word' id='word_1_137' title='bbox 261 1181 308 1230; x_wconf 87' lang='lat' dir='ltr'>is,</span> <span class='ocrx_word' id='word_1_138' title='bbox 333 1188 417 1234; x_wconf 86' lang='lat' dir='ltr'>post</span> <span class='ocrx_word' id='word_1_139' title='bbox 442 1183 694 1231; x_wconf 88' lang='lat' dir='ltr'>consulatum,</span> <span class='ocrx_word' id='word_1_140' title='bbox 723 1182 863 1232; x_wconf 86' lang='lat' dir='ltr'>(credo,</span> <span class='ocrx_word' id='word_1_141' title='bbox 896 1182 998 1234; x_wconf 88' lang='lat' dir='ltr'>quod</span> <span class='ocrx_word' id='word_1_142' title='bbox 1024 1182 1181 1229; x_wconf 86' lang='lat' dir='ltr'>videret,</span> 
     </span>
     <span class='ocr_line' id='line_1_22' title="bbox 85 1235 1183 1288; baseline 0.002 -18"><span class='ocrx_word' id='word_1_143' title='bbox 85 1244 133 1271; x_wconf 86' lang='lat' dir='ltr'>ex</span> <span class='ocrx_word' id='word_1_144' title='bbox 151 1235 407 1274; x_wconf 86' lang='lat' dir='ltr'>consularibus</span> <span class='ocrx_word' id='word_1_145' title='bbox 424 1237 614 1275; x_wconf 87' lang='lat' dir='ltr'>neminem</span> <span class='ocrx_word' id='word_1_146' title='bbox 633 1249 711 1274; x_wconf 90' lang='lat' dir='ltr'>esse</span> <span class='ocrx_word' id='word_1_147' title='bbox 724 1249 850 1274; x_wconf 90' lang='lat' dir='ltr'>secum</span> <span class='ocrx_word' id='word_1_148' title='bbox 868 1236 1183 1288; x_wconf 76' lang='lat' dir='ltr'>comparandum,</span> 
     </span>
     <span class='ocr_line' id='line_1_23' title="bbox 84 1286 1177 1340; baseline 0.002 -16"><span class='ocrx_word' id='word_1_149' title='bbox 84 1286 291 1337; x_wconf 84' lang='lat' dir='ltr'>negligeret</span> <span class='ocrx_word' id='word_1_150' title='bbox 324 1295 453 1327; x_wconf 84' lang='lat' dir='ltr'>autem</span> <span class='ocrx_word' id='word_1_151' title='bbox 493 1301 555 1327; x_wconf 90' lang='lat' dir='ltr'>eos</span> <span class='ocrx_word' id='word_1_152' title='bbox 590 1290 658 1340; x_wconf 92' lang='lat' dir='ltr'>qui</span> <span class='ocrx_word' id='word_1_153' title='bbox 685 1290 855 1327; x_wconf 87' lang='lat' dir='ltr'>consules</span> <span class='ocrx_word' id='word_1_154' title='bbox 890 1301 967 1328; x_wconf 91' lang='lat' dir='ltr'>non</span> <span class='ocrx_word' id='word_1_155' title='bbox 1001 1288 1177 1337; x_wconf 88' lang='lat' dir='ltr'>fuissent)</span> 
     </span>
     <span class='ocr_line' id='line_1_24' title="bbox 84 1340 1180 1394; baseline 0.003 -18"><span class='ocrx_word' id='word_1_156' title='bbox 84 1352 281 1378; x_wconf 87' lang='lat' dir='ltr'>summum</span> <span class='ocrx_word' id='word_1_157' title='bbox 298 1340 394 1379; x_wconf 89' lang='lat' dir='ltr'>illud</span> <span class='ocrx_word' id='word_1_158' title='bbox 421 1355 533 1380; x_wconf 92' lang='lat' dir='ltr'>suum</span> <span class='ocrx_word' id='word_1_159' title='bbox 551 1342 719 1380; x_wconf 86' lang='lat' dir='ltr'>studium</span> <span class='ocrx_word' id='word_1_160' title='bbox 746 1342 901 1389; x_wconf 87' lang='lat' dir='ltr'>remisit,</span> <span class='ocrx_word' id='word_1_161' title='bbox 928 1355 1004 1394; x_wconf 95' lang='lat' dir='ltr'>quo</span> <span class='ocrx_word' id='word_1_162' title='bbox 1022 1355 1044 1380; x_wconf 87' lang='lat' dir='ltr'>a</span> <span class='ocrx_word' id='word_1_163' title='bbox 1062 1354 1180 1393; x_wconf 90' lang='lat' dir='ltr'>puero</span> 
     </span>
     <span class='ocr_line' id='line_1_25' title="bbox 81 1391 1182 1446; baseline 0.003 -17"><span class='ocrx_word' id='word_1_164' title='bbox 81 1391 205 1432; x_wconf 84' lang='lat' dir='ltr'>fuerat</span> <span class='ocrx_word' id='word_1_165' title='bbox 221 1392 416 1440; x_wconf 77' lang='lat' dir='ltr'>incensus3</span> <span class='ocrx_word' id='word_1_166' title='bbox 437 1401 550 1446; x_wconf 90' lang='lat' dir='ltr'>atque</span> <span class='ocrx_word' id='word_1_167' title='bbox 561 1395 602 1432; x_wconf 87' lang='lat' dir='ltr'>in</span> <span class='ocrx_word' id='word_1_168' title='bbox 620 1395 792 1434; x_wconf 90' lang='lat' dir='ltr'>omnium</span> <span class='ocrx_word' id='word_1_169' title='bbox 806 1409 931 1434; x_wconf 85' lang='lat' dir='ltr'>rerum</span> <span class='ocrx_word' id='word_1_170' title='bbox 949 1395 1182 1434; x_wconf 67' lang='lat' dir='ltr'>abundantia</span> 
     </span>
     <span class='ocr_line' id='line_1_26' title="bbox 83 1445 1180 1500; baseline 0.004 -18"><span class='ocrx_word' id='word_1_171' title='bbox 83 1445 204 1483; x_wconf 91' lang='lat' dir='ltr'>voluit</span> <span class='ocrx_word' id='word_1_172' title='bbox 220 1446 378 1495; x_wconf 86' lang='lat' dir='ltr'>beatius,</span> <span class='ocrx_word' id='word_1_173' title='bbox 406 1455 450 1486; x_wconf 91' lang='lat' dir='ltr'>ut</span> <span class='ocrx_word' id='word_1_174' title='bbox 474 1448 555 1499; x_wconf 88' lang='lat' dir='ltr'>ipse</span> <span class='ocrx_word' id='word_1_175' title='bbox 580 1450 752 1500; x_wconf 86' lang='lat' dir='ltr'>putabat,</span> <span class='ocrx_word' id='word_1_176' title='bbox 777 1449 966 1487; x_wconf 89' lang='lat' dir='ltr'>remissius</span> <span class='ocrx_word' id='word_1_177' title='bbox 993 1456 1103 1495; x_wconf 87' lang='lat' dir='ltr'>certe,</span> <span class='ocrx_word' id='word_1_178' title='bbox 1124 1448 1180 1486; x_wconf 93' lang='lat' dir='ltr'>vi-</span> 
     </span>
     <span class='ocr_line' id='line_1_27' title="bbox 82 1499 1179 1550; baseline 0.003 -15"><span class='ocrx_word' id='word_1_179' title='bbox 82 1509 180 1536; x_wconf 87' lang='lat' dir='ltr'>vere.</span> <span class='ocrx_word' id='word_1_180' title='bbox 208 1499 375 1548; x_wconf 86' lang='lat' dir='ltr'>Primus,</span> <span class='ocrx_word' id='word_1_181' title='bbox 394 1507 431 1539; x_wconf 91' lang='lat' dir='ltr'>et</span> <span class='ocrx_word' id='word_1_182' title='bbox 449 1501 633 1539; x_wconf 90' lang='lat' dir='ltr'>secundus</span> <span class='ocrx_word' id='word_1_183' title='bbox 651 1513 785 1550; x_wconf 83' lang='lat' dir='ltr'>annus,</span> <span class='ocrx_word' id='word_1_184' title='bbox 805 1509 842 1540; x_wconf 87' lang='lat' dir='ltr'>et</span> <span class='ocrx_word' id='word_1_185' title='bbox 860 1502 1002 1550; x_wconf 85' lang='lat' dir='ltr'>tertius,</span> <span class='ocrx_word' id='word_1_186' title='bbox 1029 1508 1179 1540; x_wconf 88' lang='lat' dir='ltr'>tantum</span> 
     </span>
     <span class='ocr_line' id='line_1_28' title="bbox 81 1550 1176 1606; baseline 0.005 -19"><span class='ocrx_word' id='word_1_187' title='bbox 81 1550 191 1601; x_wconf 84' lang='lat' dir='ltr'>quasi</span> <span class='ocrx_word' id='word_1_188' title='bbox 209 1551 255 1589; x_wconf 92' lang='lat' dir='ltr'>de</span> <span class='ocrx_word' id='word_1_189' title='bbox 272 1552 427 1604; x_wconf 88' lang='lat' dir='ltr'>picturae</span> <span class='ocrx_word' id='word_1_190' title='bbox 443 1554 575 1592; x_wconf 86' lang='lat' dir='ltr'>veteris</span> <span class='ocrx_word' id='word_1_191' title='bbox 593 1554 713 1593; x_wconf 91' lang='lat' dir='ltr'>colore</span> <span class='ocrx_word' id='word_1_192' title='bbox 740 1555 964 1602; x_wconf 85' lang='lat' dir='ltr'>detraxerat,</span> <span class='ocrx_word' id='word_1_193' title='bbox 989 1562 1176 1606; x_wconf 90' lang='lat' dir='ltr'>quantum</span> 
     </span>
     <span class='ocr_line' id='line_1_29' title="bbox 82 1604 1178 1663; baseline 0.004 -22"><span class='ocrx_word' id='word_1_194' title='bbox 82 1614 159 1663; x_wconf 70' lang='lat' dir='ltr'>pon</span> <span class='ocrx_word' id='word_1_195' title='bbox 174 1604 296 1655; x_wconf 87' lang='lat' dir='ltr'>quivis</span> <span class='ocrx_word' id='word_1_196' title='bbox 314 1619 414 1646; x_wconf 83' lang='lat' dir='ltr'>unus</span> <span class='ocrx_word' id='word_1_197' title='bbox 428 1620 475 1645; x_wconf 85' lang='lat' dir='ltr'>ex</span> <span class='ocrx_word' id='word_1_198' title='bbox 488 1608 642 1659; x_wconf 88' lang='lat' dir='ltr'>populo,</span> <span class='ocrx_word' id='word_1_199' title='bbox 662 1608 726 1646; x_wconf 88' lang='lat' dir='ltr'>sed</span> <span class='ocrx_word' id='word_1_200' title='bbox 744 1608 974 1647; x_wconf 84' lang='lat' dir='ltr'>existimator</span> <span class='ocrx_word' id='word_1_201' title='bbox 991 1609 1122 1646; x_wconf 90' lang='lat' dir='ltr'>doctus</span> <span class='ocrx_word' id='word_1_202' title='bbox 1140 1617 1178 1646; x_wconf 87' lang='lat' dir='ltr'>et</span> 
     </span>
     <span class='ocr_line' id='line_1_30' title="bbox 81 1657 1181 1712; baseline 0.005 -18"><span class='ocrx_word' id='word_1_203' title='bbox 81 1657 307 1708; x_wconf 87' lang='lat' dir='ltr'>mtelligens‚</span> <span class='ocrx_word' id='word_1_204' title='bbox 326 1667 450 1710; x_wconf 90' lang='lat' dir='ltr'>posset</span> <span class='ocrx_word' id='word_1_205' title='bbox 465 1673 693 1711; x_wconf 87' lang='lat' dir='ltr'>cognoscere.</span> <span class='ocrx_word' id='word_1_206' title='bbox 721 1661 891 1712; x_wconf 87' lang='lat' dir='ltr'>Longius</span> <span class='ocrx_word' id='word_1_207' title='bbox 909 1668 1036 1700; x_wconf 86' lang='lat' dir='ltr'>autem</span> <span class='ocrx_word' id='word_1_208' title='bbox 1049 1674 1181 1712; x_wconf 87' lang='lat' dir='ltr'>proce-</span> 
     </span>
     <span class='ocr_line' id='line_1_31' title="bbox 82 1708 1176 1769; baseline 0.004 -22"><span class='ocrx_word' id='word_1_209' title='bbox 82 1708 188 1769; x_wconf 68' lang='lat' dir='ltr'>dens,</span> <span class='ocrx_word' id='word_1_210' title='bbox 209 1722 246 1749; x_wconf 87' lang='lat' dir='ltr'>et</span> <span class='ocrx_word' id='word_1_211' title='bbox 262 1712 302 1749; x_wconf 90' lang='lat' dir='ltr'>in</span> <span class='ocrx_word' id='word_1_212' title='bbox 320 1713 459 1751; x_wconf 78' lang='lat' dir='ltr'>caeteris</span> <span class='ocrx_word' id='word_1_213' title='bbox 477 1714 697 1765; x_wconf 87' lang='lat' dir='ltr'>eloquentiae</span> <span class='ocrx_word' id='word_1_214' title='bbox 710 1715 892 1766; x_wconf 88' lang='lat' dir='ltr'>partibus,</span> <span class='ocrx_word' id='word_1_215' title='bbox 908 1724 991 1752; x_wconf 91' lang='lat' dir='ltr'>tum</span> <span class='ocrx_word' id='word_1_216' title='bbox 1009 1714 1176 1752; x_wconf 86' lang='lat' dir='ltr'>maxime</span> 
     </span>
     <span class='ocr_line' id='line_1_32' title="bbox 80 1764 1174 1822; baseline 0.005 -24"><span class='ocrx_word' id='word_1_217' title='bbox 80 1764 329 1822; x_wconf 56' lang='lat' dir='ltr'>mpeleritate</span> <span class='ocrx_word' id='word_1_218' title='bbox 346 1773 383 1804; x_wconf 91' lang='lat' dir='ltr'>et</span> <span class='ocrx_word' id='word_1_219' title='bbox 400 1766 675 1806; x_wconf 89' lang='lat' dir='ltr'>continuatione</span> <span class='ocrx_word' id='word_1_220' title='bbox 693 1770 892 1806; x_wconf 88' lang='lat' dir='ltr'>verborum</span> <span class='ocrx_word' id='word_1_221' title='bbox 909 1768 1174 1814; x_wconf 85' lang='lat' dir='ltr'>adhaerescens,</span> 
     </span>
     <span class='ocr_line' id='line_1_33' title="bbox 81 1815 877 1872; baseline 0.009 -20"><span class='ocrx_word' id='word_1_222' title='bbox 81 1827 141 1853; x_wconf 83' lang='lat' dir='ltr'>sul</span> <span class='ocrx_word' id='word_1_223' title='bbox 158 1815 373 1857; x_wconf 87' lang='lat' dir='ltr'>dissimilior</span> <span class='ocrx_word' id='word_1_224' title='bbox 389 1819 584 1858; x_wconf 88' lang='lat' dir='ltr'>videbatur</span> <span class='ocrx_word' id='word_1_225' title='bbox 601 1820 680 1859; x_wconf 90' lang='lat' dir='ltr'>fieri</span> <span class='ocrx_word' id='word_1_226' title='bbox 699 1821 877 1872; x_wconf 88' lang='lat' dir='ltr'>quotidie.</span> 
     </span>
    </p>

    <p class='ocr_par' dir='ltr' id='par_1_5' title="bbox 80 1868 1182 2191">
     <span class='ocr_line' id='line_1_34' title="bbox 134 1868 1175 1924; baseline 0.003 -17"><span class='ocrx_word' id='word_1_227' title='bbox 134 1868 218 1908; x_wconf 90' lang='lat' dir='ltr'>Nos</span> <span class='ocrx_word' id='word_1_228' title='bbox 235 1878 363 1910; x_wconf 86' lang='lat' dir='ltr'>autem</span> <span class='ocrx_word' id='word_1_229' title='bbox 380 1884 456 1911; x_wconf 91' lang='lat' dir='ltr'>non</span> <span class='ocrx_word' id='word_1_230' title='bbox 480 1873 761 1922; x_wconf 86' lang='lat' dir='ltr'>desistebamus,</span> <span class='ocrx_word' id='word_1_231' title='bbox 788 1887 875 1912; x_wconf 90' lang='lat' dir='ltr'>cum</span> <span class='ocrx_word' id='word_1_232' title='bbox 906 1873 1010 1912; x_wconf 89' lang='lat' dir='ltr'>omni</span> <span class='ocrx_word' id='word_1_233' title='bbox 1040 1885 1175 1924; x_wconf 87' lang='lat' dir='ltr'>genere</span> 
     </span>
     <span class='ocr_line' id='line_1_35' title="bbox 80 1922 1175 1977; baseline 0.005 -20"><span class='ocrx_word' id='word_1_234' title='bbox 80 1922 363 1973; x_wconf 80' lang='lat' dir='ltr'>exercitationis,</span> <span class='ocrx_word' id='word_1_235' title='bbox 379 1932 463 1964; x_wconf 90' lang='lat' dir='ltr'>tum</span> <span class='ocrx_word' id='word_1_236' title='bbox 476 1927 643 1965; x_wconf 87' lang='lat' dir='ltr'>maxime</span> <span class='ocrx_word' id='word_1_237' title='bbox 653 1928 751 1974; x_wconf 90' lang='lat' dir='ltr'>stilo,</span> <span class='ocrx_word' id='word_1_238' title='bbox 766 1935 936 1965; x_wconf 88' lang='lat' dir='ltr'>nostrum</span> <span class='ocrx_word' id='word_1_239' title='bbox 950 1927 1058 1973; x_wconf 90' lang='lat' dir='ltr'>illud,</span> <span class='ocrx_word' id='word_1_240' title='bbox 1072 1925 1175 1977; x_wconf 88' lang='lat' dir='ltr'>quod</span> 
     </span>
     <span class='ocr_line' id='line_1_36' title="bbox 82 1979 1182 2033; baseline 0.005 -23"><span class='ocrx_word' id='word_1_241' title='bbox 82 1980 172 2033; x_wconf 77' lang='lat' dir='ltr'>erat,</span> <span class='ocrx_word' id='word_1_242' title='bbox 193 1987 341 2027; x_wconf 88' lang='lat' dir='ltr'>augere,</span> <span class='ocrx_word' id='word_1_243' title='bbox 357 1986 706 2031; x_wconf 88' lang='lat' dir='ltr'>quantumcumque</span> <span class='ocrx_word' id='word_1_244' title='bbox 718 1987 806 2018; x_wconf 87' lang='lat' dir='ltr'>erat.</span> <span class='ocrx_word' id='word_1_245' title='bbox 834 1980 964 2031; x_wconf 89' lang='lat' dir='ltr'>Atque</span> <span class='ocrx_word' id='word_1_246' title='bbox 979 1981 1040 2031; x_wconf 89' lang='lat' dir='ltr'>(ut</span> <span class='ocrx_word' id='word_1_247' title='bbox 1052 1979 1182 2017; x_wconf 80' lang='lat' dir='ltr'>multa</span> 
     </span>
     <span class='ocr_line' id='line_1_37' title="bbox 82 2030 1176 2085; baseline 0.003 -20"><span class='ocrx_word' id='word_1_248' title='bbox 82 2033 272 2085; x_wconf 69' lang='lat' dir='ltr'>omittam)</span> <span class='ocrx_word' id='word_1_249' title='bbox 290 2030 329 2068; x_wconf 91' lang='lat' dir='ltr'>in</span> <span class='ocrx_word' id='word_1_250' title='bbox 348 2031 418 2070; x_wconf 88' lang='lat' dir='ltr'>hoc</span> <span class='ocrx_word' id='word_1_251' title='bbox 436 2033 569 2083; x_wconf 86' lang='lat' dir='ltr'>spatio,</span> <span class='ocrx_word' id='word_1_252' title='bbox 589 2040 625 2071; x_wconf 93' lang='lat' dir='ltr'>et</span> <span class='ocrx_word' id='word_1_253' title='bbox 642 2034 681 2070; x_wconf 91' lang='lat' dir='ltr'>in</span> <span class='ocrx_word' id='word_1_254' title='bbox 700 2033 745 2071; x_wconf 89' lang='lat' dir='ltr'>iis</span> <span class='ocrx_word' id='word_1_255' title='bbox 763 2040 848 2083; x_wconf 91' lang='lat' dir='ltr'>post</span> <span class='ocrx_word' id='word_1_256' title='bbox 874 2033 1090 2071; x_wconf 84' lang='lat' dir='ltr'>aedilitatem</span> <span class='ocrx_word' id='word_1_257' title='bbox 1108 2044 1176 2069; x_wconf 89' lang='lat' dir='ltr'>an-</span> 
     </span>
     <span class='ocr_line' id='line_1_38' title="bbox 80 2085 1179 2138; baseline 0.007 -24"><span class='ocrx_word' id='word_1_258' title='bbox 80 2088 152 2126; x_wconf 87' lang='lat' dir='ltr'>ms,</span> <span class='ocrx_word' id='word_1_259' title='bbox 178 2087 215 2118; x_wconf 89' lang='lat' dir='ltr'>et</span> <span class='ocrx_word' id='word_1_260' title='bbox 231 2091 368 2132; x_wconf 87' lang='lat' dir='ltr'>praetor</span> <span class='ocrx_word' id='word_1_261' title='bbox 395 2085 553 2135; x_wconf 88' lang='lat' dir='ltr'>primus,</span> <span class='ocrx_word' id='word_1_262' title='bbox 574 2093 611 2124; x_wconf 89' lang='lat' dir='ltr'>et</span> <span class='ocrx_word' id='word_1_263' title='bbox 628 2086 835 2124; x_wconf 83' lang='lat' dir='ltr'>incredibili</span> <span class='ocrx_word' id='word_1_264' title='bbox 853 2086 1024 2138; x_wconf 89' lang='lat' dir='ltr'>populari</span> <span class='ocrx_word' id='word_1_265' title='bbox 1042 2085 1179 2123; x_wconf 77' lang='lat' dir='ltr'>volun-0</span> 
     </span>
     <span class='ocr_line' id='line_1_39' title="bbox 82 2135 1179 2191; baseline 0.007 -22"><span class='ocrx_word' id='word_1_266' title='bbox 82 2137 170 2180; x_wconf 85' lang='lat' dir='ltr'>tate,</span> <span class='ocrx_word' id='word_1_267' title='bbox 186 2145 270 2173; x_wconf 88' lang='lat' dir='ltr'>sum</span> <span class='ocrx_word' id='word_1_268' title='bbox 289 2135 418 2176; x_wconf 85' lang='lat' dir='ltr'>factus.</span> <span class='ocrx_word' id='word_1_269' title='bbox 448 2138 567 2187; x_wconf 92' lang='lat' dir='ltr'>Nam,</span> <span class='ocrx_word' id='word_1_270' title='bbox 587 2152 673 2177; x_wconf 89' lang='lat' dir='ltr'>cum</span> <span class='ocrx_word' id='word_1_271' title='bbox 693 2146 843 2191; x_wconf 90' lang='lat' dir='ltr'>propter</span> <span class='ocrx_word' id='word_1_272' title='bbox 860 2139 1117 2178; x_wconf 85' lang='lat' dir='ltr'>assiduitatem</span> <span class='ocrx_word' id='word_1_273' title='bbox 1136 2138 1179 2177; x_wconf 83' lang='lat' dir='ltr'>in.</span> 
     </span>
    </p>
   </div>
  </div>
 </body>
</html>
