1429 2344
200 47 282 87 296
344 46 421 86 DE
449 46 744 98 ORATORE,
774 48 873 87 LIB.
895 49 979 88 111.
1008 49 1112 89 CAP.
1133 51 1171 95 7.

193 153 315 194 mirus
333 154 491 206 quidam
510 154 684 194 omnium
698 156 806 208 quasi
825 168 1025 196 consensus
1042 156 1299 198 doctrinarum

194 216 473 260 concentusque
497 209 692 259 reperitur.
732 209 809 248 Sed
838 210 869 248 si
887 211 958 250 hoc
976 223 1128 262 quoque
1151 213 1301 250 videtur

193 274 272 300 esse
298 262 425 309 altius,
447 275 565 313 quam
590 270 634 300 ut
658 262 698 300 id
725 275 807 311 nos,
833 264 944 302 humi
969 265 1088 313 strati,
1114 266 1302 316 suspicere

192 316 395 367 possimus,
422 316 520 354 illud
544 325 642 354 certe
666 324 808 364 tamen,
835 318 939 368 quod
960 318 1128 369 amplexi
1152 332 1299 368 sumus,

191 369 296 419 quod
314 370 549 420 profitemur,
571 370 674 430 quod
700 371 946 421 suscepimus,
972 375 1082 410 nosse
1111 379 1148 410 et
1174 379 1300 411 tenere

191 422 385 460 debemus.
416 424 506 461 Una
524 430 578 461 est
604 424 705 461 enim
732 425 852 476 (quod
881 432 918 462 et
944 438 1014 476 ego
1037 425 1212 464 hesterna
1237 426 1298 465 die

190 475 286 523 dixi,
308 484 345 514 et
370 476 515 527 aliquot
539 477 629 515 locis
648 477 942 516 antemeridiano
965 491 1135 517 sermone
1154 479 1297 530 signifi-

189 529 287 567 cavit
305 530 516 577 Antonius)
536 531 764 582 eloquentia,
785 544 1045 583 quascumque
1063 532 1104 569 in
1122 545 1204 570 oras
1219 533 1296 571 (113-

188 583 396 633 putationis
420 584 635 645 regionesve
659 585 784 623 delata
809 592 874 623 est.
903 586 1025 632 Nam,
1046 585 1123 623 sive
1149 585 1196 623 de
1214 587 1297 624 coeli

190 637 329 674 natura
346 638 530 688 loquitur,
551 638 628 676 sive
638 638 685 676 de
703 646 824 686 terrae,
846 639 923 677 sive
941 639 988 677 de
1006 638 1136 677 divina
1153 639 1205 688 vi,
1222 640 1299 679 sive

187 689 235 727 de
252 689 436 739 humana,
457 692 534 729 sive
552 705 600 730 ex
617 692 791 730 inferiore
808 693 904 740 loco,
925 692 1002 730 sive
1020 705 1067 730 ex
1082 705 1204 743 aequo,
1220 693 1298 732 sive

186 755 235 781 ex
262 745 464 795 superiore,
485 745 562 783 sive
586 753 631 783 ut
654 746 827 796 impellat
849 746 1036 795 homines,
1063 746 1140 783 sive
1163 753 1208 784 ut
1229 746 1298 785 do-

185 803 280 845 ceat,
305 798 381 835 sive
406 806 450 836 ut
475 798 671 846 deterreat,
695 800 772 838 sive
793 807 837 837 ut
863 799 1035 847 concitet,
1063 799 1140 837 sive
1167 806 1212 837 ut
1236 813 1296 838 re-

185 850 323 897 flectat,
344 851 421 889 sive
438 859 482 889 ut
499 853 687 900 incendat,
704 853 780 891 sive
794 860 838 891 ut
847 853 977 900 leniat,
991 853 1067 891 sive
1079 852 1127 890 ad
1138 866 1293 903 paucos,

184 903 263 942 sive
277 905 325 942 ad
343 906 497 953 multos,
518 906 595 944 sive
614 906 712 944 inter
729 907 884 956 alienos,
904 906 981 944 sive
999 919 1087 944 cum
1107 907 1197 955 suis,
1217 907 1296 945 sive

183 970 326 1004 secum,
358 959 447 996 rivis
476 967 531 997 est
560 960 714 997 diducta
742 961 874 1008 oratio,
905 973 982 998 non
1009 960 1205 1006 fontibus3
1240 968 1290 1009 et,

183 1024 424 1063 quocumque
438 1012 660 1063 ingreditur,
675 1013 806 1052 eodem
819 1021 873 1052 est
883 1013 1069 1052 instructu
1081 1020 1293 1065 ornatuque

183 1066 371 1103 comitata.

239 1119 329 1166 Sed,
364 1119 545 1170 quoniam
577 1119 744 1171 oppressi
775 1121 858 1170 jam
889 1132 1020 1158 sumus
1051 1119 1291 1170 opinionibus

182 1184 259 1209 non
299 1173 413 1210 modo
450 1174 569 1224 vulgi,
607 1187 738 1211 verum
775 1174 888 1211 etiam
927 1172 1129 1211 hominum
1160 1174 1291 1212 leviter

181 1225 427 1271 eruditorum,
448 1227 528 1277 qui,
550 1240 635 1278 quae
657 1227 854 1277 complecti
880 1234 959 1264 tota
982 1233 1189 1277 nequeunt,
1208 1227 1290 1266 haec

181 1278 328 1317 facilius
346 1279 492 1317 divulsa
511 1287 547 1318 et
566 1280 674 1331 quasi
686 1280 869 1331 discerpta
882 1287 1132 1325 contrectant,
1122 1293 1131 1302 ·
1154 1287 1190 1317 et
1205 1281 1287 1331 qui,

179 1338 378 1383 tamquam
397 1335 444 1371 ab
463 1334 590 1371 animo
609 1347 756 1384 corpus,
777 1334 828 1372 sic
850 1347 873 1371 a
890 1333 1082 1371 sententiis
1100 1335 1214 1371 verba
1233 1347 1289 1372 se-

175 1386 358 1437 jungunt,
379 1398 542 1437 quorum
561 1388 640 1426 sine
656 1388 810 1425 interitu
834 1387 916 1425 fieri
936 1393 1114 1424 neutrum
1140 1394 1288 1438 potest3

180 1451 258 1477 non
277 1440 479 1490 suscipiam
497 1441 662 1478 oratione
687 1441 773 1478 mea
790 1441 891 1491 plus,
912 1453 1030 1492 quam
1046 1440 1177 1477 mihi·
1165 1453 1290 1491 1111Ρο-

178 1493 306 1531 nitur:
332 1500 482 1531 tantum
501 1494 719 1545 significabo
733 1494 852 1541 brevi,
866 1506 996 1554 ‘neque
1009 1495 1210 1532 verborum
1229 1507 1288 1532 or-

177 1553 312 1584 natum
329 1546 488 1585 inveniri
505 1560 626 1598 posse,
649 1560 726 1586 non
750 1547 895 1599 partitis
919 1547 1177 1598 expressisque
1202 1560 1286 1585 sen-

177 1599 316 1647 tentiis,
347 1612 470 1651 neque
495 1614 573 1639 esse
596 1602 717 1639 ullam
741 1601 966 1639 sententiam
993 1601 1181 1638 illustrem
1208 1601 1289 1640 sine

175 1652 260 1691 luce
277 1655 487 1691 verborum.
521 1655 609 1702 Sed,
629 1655 852 1706 priusquam
869 1655 936 1692 illa
954 1667 1067 1692 conor
1084 1654 1282 1705 attingere,

176 1707 315 1757 quibus
332 1707 538 1746 orationem
552 1708 676 1746 ornari
690 1715 804 1759 atque
815 1707 1023 1746 illuminari
1036 1714 1182 1758 putem,
1198 1721 1285 1758 pro-

174 1772 316 1810 ponam
333 1761 506 1810 breviter,
526 1761 620 1813 quid
637 1762 797 1800 sentiam
815 1761 863 1800 de
879 1761 1052 1799 universo
1070 1772 1206 1812 genere
1225 1761 1286 1799 di-

175 1813 296 1852 cendi.

226 1867 327 1906 VII.
356 1867 507 1906 Natura
523 1867 630 1905 nulla
647 1874 715 1916 est,
734 1874 779 1906 ut
795 1867 892 1905 mihi
915 1866 1076 1914 videtur,
1099 1879 1186 1918 quae
1203 1879 1281 1906 non

173 1919 343 1959 habeat
331 1933 372 1958 m
397 1933 464 1959 suo
488 1933 622 1972 genere
646 1935 703 1959 res
727 1922 937 1971 complures
962 1920 1161 1958 dissimiles
1184 1920 1283 1959 inter

173 1987 226 2021 se,
252 1988 339 2026 quae
362 1982 490 2012 tamen
514 1975 699 2012 801131111111
721 1974 834 2012 laude
858 1974 1072 2035 dignentur.
1112 1973 1154 2011 N
1156 1986 1220 2012 am
1244 1982 1283 2013 et

173 2027 327 2066 auribus
344 2029 468 2066 multa
484 2027 724 2089 percipimus,
738 2042 838 2079 quae,
851 2028 919 2066 etsi
933 2040 1000 2065 nos
1017 2025 1201 2079 [vicibus]
1217 2027 1282 2066 de-

172 2081 323 2129 lectant,
344 2089 470 2120 tamen
488 2082 541 2120 ita
558 2088 646 2120 sunt
664 2082 766 2120 varia
784 2095 895 2133 saepe,
911 2088 955 2119 ut
968 2081 1021 2129 id,
1037 2081 1140 2132 quod
1153 2081 1282 2132 proxi·

170 2146 280 2175 mum
298 2135 442 2186 audias,
457 2135 778 2187 jucundissimum
797 2148 875 2175 esse
888 2134 1084 2175 videatur:
1109 2141 1148 2174 et
1160 2134 1281 2174 oculis
