1429 2344
144 81 223 119 380
252 77 330 118 DE
351 76 558 118 CLARIS
577 74 968 125 ORATORIBUS,
989 74 1094 114 CM».
1111 76 1175 115 26.

204 186 364 225 XXVI.
387 185 432 223 P.
450 184 631 223 Crassum
650 183 760 222 valde
776 184 981 234 probatum
995 190 1182 221 oratorem
1195 183 1258 222 iis-

150 240 238 278 dem
256 240 333 278 fere
352 239 586 289 temporibus
612 237 840 288 accepimus,
870 237 938 288 qui
962 243 1000 275 et
1024 235 1177 287 ingenio
1195 250 1260 275 va-

151 293 238 341 luit,
268 299 305 331 et
325 292 463 339 studio,
485 299 522 330 et
539 291 675 329 habuit
694 290 879 341 quasdam
899 289 1014 327 etiam
1039 289 1261 328 domesticas

153 347 394 397 disciplinas:
424 358 515 383 nam
545 352 583 382 et
612 357 700 382 cum
726 356 877 381 summo
901 343 968 381 illo
992 351 1150 392 oratore,
1180 344 1260 382 Ser.

156 400 296 447 Galba,
326 400 435 448 cujus
455 399 498 437 C.
520 398 599 436 filio
624 397 744 435 filiam
767 409 876 435 suam
894 397 1151 445 collocaverat,
1180 397 1262 434 affi-

156 453 273 490 nitate
292 466 371 490 sese
389 452 634 497 devinxerat3
657 458 706 499 et,
727 464 816 489 cum
831 457 925 488 esset
939 449 985 487 P.
1002 449 1128 488 Mucii
1145 450 1261 498 filius,

156 507 389 557 fratremque
420 506 576 543 haberet
609 505 654 542 P.
676 504 898 552 Scaevolam,
931 503 1036 541 domi
1059 504 1123 552 jus
1155 504 1263 542 civile

157 566 393 609 cognoverat.
455 559 504 596 In
549 571 592 596 eo
629 557 855 596 industriam
892 563 1036 595 constat
1071 569 1264 596 summam

158 613 290 660 fuisse,
319 613 606 663 maximamque
633 612 808 662 gratiam,
835 623 923 649 cum
950 617 987 648 et
1012 611 1267 649 consuleretur

161 667 389 716 plurimum,
411 674 447 704 et
465 666 613 704 diceret.
644 665 797 703 Horum
818 664 990 702 aetatibus
1005 664 1173 713 adjuncti
1190 664 1267 703 duo

161 720 205 758 C.
235 720 388 767 Fannii,
423 719 466 758 C.
502 727 537 758 et
565 719 626 756 M.
660 718 743 765 filii,
777 718 956 763 fuerunt3
986 730 1150 768 quorum
1183 717 1267 756 Caii

164 773 280 819 filius,
302 774 369 823 qui
388 774 518 811 consul
536 786 624 811 cum
639 771 812 810 Domitio
826 772 913 818 fuit,
929 784 1048 809 unam
1062 771 1268 809 orationem

163 827 210 864 de
237 827 343 864 sociis
370 834 407 864 et
431 827 583 864 nomine
610 826 764 872 Latino,
785 831 914 863 contra
933 824 1163 874 Gracchum,
1183 825 1270 863 reli-

165 880 264 931 quit,
287 893 374 918 sane
394 887 430 917 et
448 882 587 918 bonam
607 887 644 918 et
662 879 842 917 nobilem.

220 933 327 970 Tum
342 934 510 980 Atticus,
527 933 632 981 Quid
647 935 766 983 ergo?
787 940 890 971 estne
903 931 975 970 ista
989 931 1159 970 Fannii?
1179 944 1270 970 nam

166 987 270 1024 varia
289 987 431 1037 opinio,
451 988 575 1038 pueris
594 987 715 1033 nobis,
738 993 839 1024 erat:
870 985 935 1023 alii
954 999 977 1023 a
995 986 1039 1024 C.
1062 985 1204 1034 Persio,
1225 986 1272 1023 li-

166 1048 286 1078 terato
304 1040 473 1087 homine,
495 1041 671 1091 scriptam
690 1053 767 1077 esse
781 1039 946 1088 aiebant,
966 1039 1046 1087 illo,
1067 1052 1183 1090 quem
1197 1039 1272 1090 sig-

167 1093 297 1131 nificat
315 1093 424 1131 valde
443 1094 595 1131 doctum
617 1106 694 1132 esse
720 1093 918 1131 Lucilius:
948 1092 1013 1129 alii
1038 1093 1179 1131 multos
1204 1106 1272 1131 no-

167 1147 278 1193 biles,
308 1147 412 1198 quod
442 1147 601 1198 quisque
629 1146 826 1198 potuisset,
860 1146 901 1183 in
928 1145 1036 1183 illam
1067 1146 1271 1185 orationem

169 1201 383 1239 contulisse.
413 1201 520 1238 Tum
540 1214 621 1251 ego,
641 1199 789 1237 Audivi
803 1199 980 1250 equidem
998 1199 1083 1246 ista,
1098 1199 1272 1251 inquam,

171 1254 217 1292 de
235 1255 444 1303 majoribus
458 1262 577 1299 natu3
606 1254 671 1292 sed
689 1265 888 1303 nunquam
908 1265 993 1290 sum
1012 1253 1212 1300 adductus,
1231 1261 1277 1292 ut

170 1308 385 1353 crederem,
408 1320 568 1359 eamque
583 1306 832 1367 suspicionem
846 1313 999 1356 propter
1011 1307 1109 1344 hanc
1123 1320 1277 1345 causam

170 1361 281 1399 credo
296 1361 425 1408 fuisse,
443 1361 546 1412 quod
561 1360 730 1399 Fannius
749 1359 789 1396 in
803 1359 1054 1397 mediocribus
1068 1361 1277 1399 oratoribus

172 1415 325 1453 habitus
341 1422 459 1460 esset3
481 1414 598 1452 oratio
618 1421 746 1451 autem
765 1414 824 1450 vel
838 1413 983 1463 optima
1001 1420 1095 1451 esset
1107 1414 1174 1452 illo
1192 1415 1278 1465 qui-

173 1469 262 1506 dem
280 1476 450 1520 tempore
468 1469 683 1506 orationum
702 1466 886 1504 omnium.
916 1466 991 1505 Sed
1009 1479 1078 1505 nec
1091 1468 1278 1516 ejusmodi

173 1529 242 1569 est,
260 1529 303 1559 ut
318 1536 341 1559 a
358 1522 532 1573 pluribus
546 1521 702 1560 confusa
716 1520 897 1568 videatur,
920 1522 1036 1563 (unus
1050 1521 1153 1558 enim
1166 1534 1280 1560 sonus

174 1582 230 1613 est
244 1576 358 1613 totius
377 1576 568 1624 orationis,
591 1582 627 1613 et
645 1575 744 1612 idem
759 1574 892 1620 stilus;
922 1585 991 1611 nec
1010 1574 1057 1612 de
1075 1573 1205 1613 Persio
1223 1588 1281 1614 re-

174 1629 341 1666 ticuisset
356 1629 564 1676 Gracchus,
585 1642 674 1667 cum
693 1635 727 1667 et
740 1627 912 1665 Fannius
926 1627 973 1664 de
992 1627 1172 1666 Menelao
1190 1629 1281 1667 Ma-

175 1683 348 1729 ratheno,
387 1691 424 1720 et
456 1683 503 1720 de
535 1682 676 1720 caeteris
707 1681 914 1730 objecisset)
946 1681 1155 1732 praesertim
1190 1694 1280 1720 cum

176 1735 348 1773 Fannius
361 1748 561 1786 nunquam
577 1736 624 1773 sit
637 1735 787 1773 habitus
799 1734 979 1785 elinguis:
997 1746 1087 1772 nam
1102 1741 1138 1772 et
1152 1747 1282 1774 causas

177 1789 429 1836 defensitavit,
450 1796 487 1827 et
505 1789 717 1827 tribunatus
732 1788 827 1836 ejus,
844 1787 998 1826 arbitrio
1012 1795 1049 1826 et
1062 1788 1282 1828 auctoritate

179 1843 225 1880 P.
245 1842 421 1880 Africani
440 1849 580 1893 gestus,
601 1854 678 1880 non
693 1843 874 1879 obscurus
891 1841 977 1878 fuit.

233 1896 347 1934 Alter
366 1904 495 1933 autem
514 1896 558 1934 C.
580 1894 762 1942 Fannius,
791 1894 852 1932 M.
873 1894 987 1942 filius,
1017 1893 1062 1932 C.
1081 1893 1194 1933 Laelii
1218 1908 1283 1946 ge-

179 1962 260 1997 ner,
290 1956 327 1987 et
351 1949 520 1988 moribus
547 1956 584 1987 et
609 1949 689 2000 ipso
713 1960 849 1998 genere
873 1947 1022 1986 dicendi
1038 1947 1180 1986 durior.
1228 1950 1283 1998 Is,

180 2003 296 2041 soceri
319 2002 506 2051 instituto,
533 2006 679 2053 (quem,
707 2001 797 2053 quia
821 2008 1015 2052 cooptatus
1032 2001 1073 2038 in
1091 2014 1283 2052 augurum

180 2056 383 2107 collegium
411 2068 488 2094 non
514 2063 607 2104 erat,
634 2068 711 2094 non
736 2054 943 2093 admodum
971 2054 1165 2105 diligebat,
1186 2069 1282 2107 prae-

181 2110 311 2148 sertim
339 2122 428 2148 cum
457 2110 521 2148 ille
546 2109 598 2158 Q.
622 2109 828 2148 Scaevolam
859 2108 944 2156 sibi,
974 2108 1160 2147 minorem
1190 2117 1283 2148 natu

180 2175 376 2213 generum,
392 2163 639 2215 praetulisset:
658 2162 718 2203 cui
733 2169 860 2202 tamen
875 2162 1018 2202 Laelius
1034 2174 1073 2202 se
1086 2175 1281 2214 excusans,
