1429 2344
142 55 217 94 124
309 58 387 97 DE
412 58 708 109 ORATORE,
738 60 837 99 Lm.
859 60 893 100 1.
923 61 1028 101 cir.
1049 62 1086 101 2.

136 170 297 214 pestates
326 167 562 206 exstiterunt.
603 168 742 220 Neque
770 181 857 208 vero
884 169 992 208 nobis
1011 168 1250 221 cupientibus

137 225 252 269 atque
265 221 531 271 exoptantibus
543 221 689 260 fructus
703 223 771 260 otii
785 222 895 261 datus
909 230 978 270 est,
995 223 1044 261 ad
1057 236 1118 261 eas
1137 230 1249 270 am,

138 272 278 322 quibus
293 286 316 310 a
329 275 455 324 pueris
474 275 591 312 dediti
608 275 767 325 fuimus,
783 277 1037 325 celebrandas,
1052 277 1150 315 inter
1164 289 1251 314 nos-

139 338 215 376 que
233 327 458 365 recolendas.
497 329 602 366 Nam
627 330 754 380 prima
773 337 881 368 aetate
899 331 1102 369 incidimus
1127 330 1167 368 in
1191 329 1252 380 ip-

139 392 220 416 sam
239 383 561 430 perturbationem
581 383 789 434 disciplinae
807 384 965 430 veteris3
997 391 1034 422 et
1052 383 1252 422 consulatu

137 432 360 472 devenimus
389 435 430 473 in
449 436 620 474 medium
639 450 766 475 rerum
788 439 963 476 omnium
987 445 1177 476 certamen
1196 443 1253 474 at-

138 499 214 536 que
229 486 429 526 discrimen
443 503 455 533 ς
477 497 513 527 et
531 490 602 528 hoc
618 497 768 541 tempus
783 504 896 529 omne
909 498 995 542 post
1013 491 1251 529 consulatum

136 540 347 588 objecimus
360 542 406 580 iis
425 543 616 591 fluctibus,
637 544 718 595 qui,
734 558 802 596 per
820 557 889 582 nos
903 558 926 582 a
940 544 1136 583 communi
1149 550 1255 595 peste

138 593 302 644 depulsi,
323 595 363 633 in
376 597 626 648 nosmetipsos
644 598 918 636 redundarunt.
949 598 1024 636 Sed
1050 605 1192 645 tamen,
1212 597 1254 634 in

137 646 198 684 his
225 649 284 686 vel
314 650 578 700 asperitatibus
603 664 730 689 rerum
759 652 819 690 vel
847 652 1030 703 angustiis
1058 650 1253 703 temporis,

136 702 324 752 obsequar
343 704 475 742 studiis
493 705 654 751 nostris;
676 712 726 753 et,
748 712 937 757 quantum
954 705 1053 744 mihi
1071 705 1131 744 vel
1149 705 1255 743 fraus

136 753 396 805 inimicorum,
418 758 477 796 vel
496 771 617 796 causae
636 759 861 806 amicorum,
882 759 943 797 vel
956 759 1169 810 respublica
1187 758 1255 796 tri-

137 808 230 846 buet
244 810 324 858 otii,
345 811 393 848 ad
413 811 653 850 scribendum
672 813 913 863 potissimum
928 813 1131 851 conferam.
1160 811 1256 850 Tibi

137 874 239 910 vero,
270 863 400 913 frater,
429 877 553 916 neque
580 866 748 904 hortanti
771 866 896 915 deero,
922 879 1047 918 neque
1077 866 1252 917 roganti:

136 927 229 953 nam
248 929 372 968 neque
396 920 616 957 auctoritate
645 920 837 971 quispiam
863 920 968 973 apud
994 933 1058 959 me
1080 920 1168 972 plus
1188 933 1254 958 va·

134 969 213 1008 lere
232 977 269 1008 te
287 979 422 1021 potest,
438 985 566 1024 neque
585 973 790 1012 voluntate.

191 1023 249 1061 II.
279 1025 341 1062 Ac
359 1025 456 1063 mihi
478 1027 680 1077 repetenda
708 1034 762 1065 est
786 1028 918 1066 veteris
943 1028 1142 1078 cujusdam
1169 1040 1251 1067 me-

133 1078 267 1115 moriae
285 1091 362 1116 non
381 1092 470 1117 sane
489 1080 577 1118 satis
592 1080 778 1131 explicata
791 1082 1010 1130 recordatio,
1032 1082 1110 1130 sed,
1130 1089 1174 1120 ut
1192 1095 1252 1120 ar-

135 1131 268 1178 bitror,
289 1140 377 1183 apta
396 1133 444 1170 ad
469 1133 507 1170 id
527 1134 631 1185 quod
650 1134 822 1186 requiris,
849 1142 893 1173 ut
918 1148 1132 1187 cognoscas,
1164 1149 1252 1187 quae

134 1184 207 1221 viri
239 1186 413 1224 omnium
443 1188 740 1238 eloquentissimi
767 1189 1038 1241 clarissimique
1070 1189 1252 1227 senserint

133 1237 183 1275 de
203 1240 308 1276 omni
332 1241 475 1278 ratione
505 1241 665 1278 dicendi.
709 1242 780 1280 Vis
807 1242 923 1290 enim,
953 1252 998 1280 ut
1027 1243 1123 1280 mihi
1151 1256 1252 1294 saepe

136 1291 280 1341 dixisti,
313 1294 512 1344 (quoniam
532 1308 618 1345 quae
636 1296 762 1346 pueris
781 1302 848 1333 aut
871 1296 1157 1334 adolescentulis
1181 1308 1251 1333 no-

135 1345 194 1383 bis
214 1358 261 1384 ex
276 1348 593 1386 commentariolis
607 1349 743 1387 nostris
760 1349 937 1387 inchoata
960 1363 1004 1387 ac
1022 1350 1132 1388 rudia
1149 1348 1250 1387 exci-

136 1398 288 1449 derunt,
321 1401 386 1438 vix
405 1401 476 1439 hac
495 1408 604 1440 aetate
621 1402 751 1453 digna,
783 1410 820 1440 et
849 1403 921 1441 hoc
939 1417 1026 1451 usu,
1058 1416 1174 1455 quem
1202 1415 1250 1442 ex

136 1453 258 1490 causis
277 1467 372 1505 quas
390 1455 573 1503 diximus,
594 1463 650 1494 tot
669 1456 872 1508 tantisque,
892 1457 1082 1495 consecuti
1100 1463 1250 1503 sumus)

136 1506 282 1557 aliquid
300 1507 434 1546 iisdem
461 1509 509 1547 de
538 1511 650 1547 rebus
674 1510 829 1560 politius
858 1523 882 1548 a
899 1511 1008 1549 nobis
1032 1510 1252 1561 perfectius-

135 1572 211 1610 que
229 1561 411 1611 proferri:
434 1563 605 1613 solesque
624 1575 902 1614 nonnunquam
927 1565 999 1602 hac
1017 1564 1065 1602 de
1082 1577 1122 1602 re
1139 1577 1163 1602 a
1185 1577 1250 1601 me

136 1612 176 1650 in
195 1612 514 1664 disputationibus
538 1617 674 1654 nostris
692 1617 913 1663 dissentire;
942 1617 1046 1669 quod
1071 1630 1140 1668 ego
1157 1630 1250 1669 pru-

135 1666 444 1706 dentissimorum
469 1670 672 1707 hominum
696 1671 841 1709 artibus
860 1671 1115 1721 eloquentiam
1133 1670 1252 1708 conti-

135 1720 216 1757 neri
243 1727 433 1768 statuam3
459 1730 501 1759 tu
521 1730 650 1761 autem
667 1724 776 1761 illam
801 1725 849 1761 ab
868 1724 1054 1774 eleganti&n
1073 1723 1252 1762 doctrinae

134 1775 407 1824 segregandam
420 1783 544 1826 putes,
565 1784 603 1814 et
615 1777 656 1814 in
671 1777 839 1828 quodam
852 1777 995 1828 ingenii
1012 1784 1126 1829 atque
1144 1790 1251 1816 exer-

135 1827 321 1865 citationis
339 1841 475 1878 genere
491 1830 722 1880 ponendam.

187 1880 252 1918 Ae
269 1881 365 1918 mihi
384 1882 540 1933 quidem
560 1896 831 1934 saepenumero,
862 1883 902 1921 in
931 1896 1099 1922 summos
1125 1884 1251 1922 homi-

135 1946 202 1972 nes
221 1947 264 1972 ac
290 1936 449 1973 summis
473 1936 634 1987 ingeniis
663 1937 839 1989 praeditos
867 1938 1047 1986 intuenti,
1078 1950 1249 1989 quaeren-

134 1988 231 2025 dum
250 2001 328 2027 esse
347 1989 472 2027 visum
492 1997 560 2038 est,
582 1990 676 2041 quid
701 1998 808 2039 esset,
829 2004 897 2029 cur
921 1992 1049 2042 plures
1066 1991 1106 2029 in
1125 1991 1250 2029 omni-

136 2043 208 2079 bus
227 2044 339 2081 rebus
357 2055 474 2094 quam
494 2043 533 2081 in
553 2044 711 2082 dicendo
735 2044 976 2083 admirabiles
995 2045 1221 2084 exstitissent
1234 2059 1246 2083 ε

133 2107 238 2144 nam,
259 2109 501 2148 quocumque
520 2104 556 2135 te
574 2097 702 2136 animo
717 2105 755 2136 et
772 2098 995 2149 cogitatione
1009 2097 1246 2146 converteris,

134 2150 343 2199 permultos
361 2151 585 2190 excellentes
610 2151 648 2189 in
669 2164 822 2203 quoque
839 2164 975 2202 genere
993 2151 1149 2201 videbis,
1169 2162 1247 2190 non
