1407 2324
235 74 311 114 DE
331 73 537 114 CLARIS
557 73 944 122 ORATORIBUS,
966 72 1069 111 CAP.
1090 72 1153 110 53.
1184 71 1261 109 405

162 188 239 228 tet3
261 182 313 220 sic
330 180 466 219 oratori
479 181 613 232 populi
627 193 734 218 aures
748 188 944 231 tamquam
959 179 1061 218 tibiae
1075 185 1163 217 sunt
1175 191 1188 222 3
1209 190 1262 215 eae

160 235 193 273 si
220 235 395 272 inflatum
424 247 500 272 non
529 233 730 284 recipiunt,
761 242 828 271 aut
855 233 886 271 si
915 233 1062 270 auditor
1089 231 1259 277 omnino,

160 294 357 339 tamquam
382 300 516 339 equus,
542 300 618 326 non
636 286 739 336 facit,
768 286 936 337 agitandi
961 286 1046 324 finis
1070 283 1262 323 faciendus

160 348 228 379 est.

212 393 309 431 LII.
339 393 425 432 Hoc
448 401 575 431 tamen
595 393 762 441 interest,
791 393 894 445 quod
913 393 1050 443 vulgus
1069 390 1260 429 interdum

158 459 234 485 non
263 447 502 498 probandum
527 455 712 485 oratorem
737 449 898 497 probat3
929 446 993 484 sed
1020 447 1154 496 probat
1181 444 1260 482 sine

157 500 457 551 comparatione:
488 513 576 538 cum
608 513 631 537 a
659 500 852 547 mediocri,
880 506 946 537 aut
970 498 1083 536 etiam
1109 511 1131 535 a
1157 497 1260 534 malo

157 553 375 600 delectatur,
397 566 439 591 eo
459 560 514 591 est
528 561 746 591 contentus:
779 566 856 590 esse
874 552 1011 590 melius
1025 564 1101 589 non
1120 550 1256 588 sentit:

158 606 268 654 illud,
298 606 400 657 quod
433 613 501 654 est,
534 607 810 657 qualecumque
842 614 910 653 est,
943 606 1088 656 probat.
1136 603 1260 641 Tenet

158 659 260 697 enim
279 672 386 697 aures
404 660 463 697 vel
481 659 678 698 mediocris
696 667 832 707 orator,
859 659 906 696 sit
924 658 1037 695 modo
1056 656 1199 708 aliquid
1217 656 1258 692 in

159 725 226 750 eo:
257 725 325 750 nec
343 725 401 750 res
420 713 500 750 ulla
517 713 604 763 plus
622 712 724 763 apud
742 712 887 749 animos
906 712 1119 758 hominum,
1141 721 1257 760 quam

155 765 247 803 ordo
266 772 303 803 et
320 773 472 803 ornatus
490 765 680 813 orationis,
701 766 813 803 valet.
857 765 987 812 Quare
1011 763 1095 815 quis
1121 776 1168 801 ex
1190 775 1258 813 po·

157 819 264 869 pulo,
293 831 380 856 cum
407 818 458 866 Q.
475 819 681 856 Scaevolam
706 831 775 869 pro
794 818 854 855 M.
877 817 1046 868 Coponio
1071 816 1256 854 dicentem

157 872 304 909 audiret
321 871 361 908 in
381 872 425 909 ea
444 871 570 919 causa,
591 872 637 909 de
656 872 734 922 qua
751 879 838 909 ante
857 871 950 918 dixi,
967 869 1175 921 quidquam
1190 881 1259 919 po-

157 924 261 962 litius
276 931 342 962 aut
357 924 577 975 elegantius,
597 932 664 962 aut
681 925 836 962 omnino
854 924 1003 971 melius,
1025 930 1091 960 aut
1105 934 1258 972 exspec-

157 985 266 1025 taret,
293 984 359 1015 aut
383 990 490 1028 posse
514 977 595 1015 fieri
620 979 800 1028 putaret?
837 977 938 1015 Cum
963 977 995 1014 is
1012 976 1083 1014 hoc
1101 976 1259 1026 probare

156 1031 281 1077 vellet,
302 1030 364 1067 Μ’
380 1031 556 1078 Curium,
576 1043 664 1068 cum
683 1030 736 1068 ita
753 1030 870 1068 haeres
889 1029 1081 1067 institutus
1099 1035 1206 1075 esset,
1227 1027 1258 1065 si

153 1083 322 1134 pupillus
347 1091 434 1121 ante
458 1091 630 1122 mortuus
649 1091 756 1131 esset,
777 1096 893 1134 quam
912 1083 951 1120 in
971 1094 1078 1120 suam
1098 1081 1256 1131 tutelam

154 1137 327 1184 venisset,
355 1137 505 1188 pupillo
523 1149 600 1175 non
619 1144 707 1175 nato
725 1137 913 1174 haeredem
933 1149 1009 1174 esse
1027 1148 1103 1173 non
1122 1147 1253 1185 posse:

153 1189 247 1240 quid
271 1190 335 1227 ille
353 1202 429 1228 non
455 1190 552 1227 dixit
576 1190 623 1227 de
646 1196 956 1231 testamentorum
978 1190 1063 1237 jure
1077 1191 1094 1226 Ρ
1123 1187 1169 1224 de
1188 1199 1256 1224 an-

154 1242 268 1293 tiquis
293 1243 497 1281 formulis?
527 1243 634 1294 quid,
664 1242 987 1293 quemadmodum
1014 1240 1124 1279 scribi
1147 1252 1256 1290 opor·

152 1296 297 1343 tuisset,
318 1296 363 1342 si,
384 1297 497 1334 etiam
516 1296 593 1334 filio
612 1309 687 1333 non
707 1303 809 1343 nato,
829 1296 947 1333 haeres
965 1294 1222 1332 institueretur
1235 1295 1254 1331 ’ἓ

153 1361 270 1399 quam
297 1350 506 1400 captiosum
532 1356 626 1386 esset
642 1350 798 1399 populo,
825 1347 928 1399 quod
947 1348 1127 1398 scriptum
1147 1353 1253 1394 esset,

153 1401 309 1452 negligi,
336 1409 373 1439 et
390 1401 566 1452 opinione
586 1402 703 1452 quaeri
722 1402 946 1448 voluntates,
966 1408 1017 1447 et,
1036 1400 1255 1450 interpreta-

153 1454 254 1492 tione
273 1454 510 1502 disertorum,
537 1455 673 1504 scripta
697 1454 925 1505 simplicium
952 1453 1152 1491 hominum
1170 1465 1255 1503 per-

153 1509 324 1546 vertere?
354 1508 483 1554 Quam
509 1508 573 1545 ille
597 1508 720 1545 multa
744 1507 790 1545 de
809 1507 1026 1544 auctoritate
1044 1505 1160 1557 patn‘s
1179 1506 1251 1554 sui,

152 1560 219 1611 qui
238 1573 384 1611 semper
399 1561 462 1609 jus
480 1560 576 1598 illud
597 1573 674 1598 esse
692 1559 931 1598 defenderat!
963 1572 1079 1610 quam
1098 1558 1253 1599 omnino

151 1614 275 1651 multa
288 1614 334 1651 de
349 1613 599 1651 conservando
612 1614 696 1661 jure
711 1614 810 1651 civili
826 1613 835 1650 !
855 1626 940 1663 quae
955 1612 1110 1663 quidem
1124 1612 1253 1649 omnia

150 1679 239 1704 cum
263 1667 381 1717 perite
400 1674 436 1705 et
454 1666 622 1712 scienter,
644 1673 727 1703 tum
746 1666 799 1703 ita
816 1666 977 1704 breviter
996 1673 1033 1703 et
1057 1677 1194 1716 presse,
1215 1672 1252 1702 et

151 1720 239 1758 satis
268 1727 410 1767 ornate,
438 1727 474 1757 et
499 1720 753 1770 pereleganter
783 1719 944 1764 diceret3
974 1719 1059 1769 quis
1089 1725 1182 1755 esset
1209 1718 1249 1754 in

150 1773 305 1823 populo,
326 1773 392 1824 qui
407 1780 473 1810 aut
486 1780 729 1823 exspectaret,
746 1779 812 1810 aut
825 1771 905 1810 fieri
919 1784 1027 1823 posse
1040 1771 1250 1822 quidquam

150 1826 286 1863 melius
304 1827 483 1876 putaret?

203 1879 323 1917 LIII.
351 1879 409 1916 At
427 1891 527 1927 vero,
556 1885 599 1916 ut
618 1886 747 1917 contra
765 1878 921 1916 Crassus
946 1879 993 1915 ab
1019 1876 1250 1915 adolescente

150 1932 322 1981 delicato,
351 1932 432 1983 qui,
459 1932 499 1969 in
523 1931 631 1970 litore
655 1932 869 1979 ambulans,
890 1931 1074 1969 scalmum
1094 1929 1250 1980 reperis-

149 1992 218 2031 set,
247 1986 295 2022 ob
321 1997 480 2036 eamque
498 1997 578 2022 rem
605 1985 786 2022 aedificare
808 1996 944 2021 navem
963 1982 1247 2032 concupivisset,

148 2050 303 2076 exorsus
321 2044 400 2083 est3
422 2037 592 2076 similiter
607 2038 827 2084 Scaevolam,
848 2050 894 2074 ex
913 2049 990 2073 uno
1009 2035 1148 2073 scalmo
1162 2048 1250 2086 cap-

150 2091 274 2137 tionis,
302 2091 570 2129 centumvirale
594 2091 782 2140 judicium
806 2089 1034 2127 haereditatis
1060 2088 1248 2132 effecisse;

148 2144 221 2183 hoc
241 2143 282 2182 in
306 2143 372 2184 illo
389 2143 496 2182 initio
514 2151 747 2192 consecutus,
767 2142 898 2181 multis
916 2141 1086 2192 ejusdem
1104 2141 1251 2192 generis
