1429 2344
169 43 250 82 346
304 44 385 84 DE
413 44 841 95 ORATORE‚L113.
864 45 947 84 III.
980 44 1086 84 CAP.
1105 43 1169 83 54.

173 158 290 203 atque
314 153 405 191 huic
431 153 596 191 finitima
622 154 731 205 quasi
758 154 1004 205 percontatio,
1033 149 1293 212 expositioque

175 207 370 243 sententiae
390 220 491 245 suae·
523 214 608 244 tum
627 208 708 255 illa,
731 221 817 259 quae
841 208 1011 245 maxime
1036 205 1145 258 quasi
1162 203 1294 254 irrepit

174 258 215 296 in
245 259 448 298 hominum
474 268 634 309 mentes,
662 262 738 298 alia
763 261 934 309 dicentis,
961 274 1005 299 ac
1032 257 1291 322 significantis,

172 312 449 360 dissimulatio;
473 313 580 366 [quae
595 322 650 353 est
663 315 912 366 perjucunda,
929 327 1032 363 cum,
1049 315 1090 352 in
1108 312 1290 359 oratione,

172 378 250 403 non
270 368 521 416 contentione,
543 369 608 406 sed
627 382 798 407 sermone
816 376 1020 407 tractatur:
1028 370 1044 420 ]
1065 366 1202 404 deinde
1220 365 1292 402 du-

172 419 320 468 bitatio,
342 429 427 459 tum
446 422 675 471 distributio,
697 430 782 460 tum
808 422 999 471 correctio,
1020 420 1080 460 vel
1105 427 1221 482 ante,
1231 419 1292 457 vel

173 481 379 525 postquam
398 476 551 524 dixeris,
574 477 634 514 vel
653 489 742 514 cum
761 476 908 528 aliquid
926 490 950 514 a
967 483 1004 514 te
1022 475 1102 526 ipse
1120 473 1290 524 rejicias.

173 529 418 589 praemunitio
438 537 492 567 est
511 530 626 568 etiam
645 530 694 568 ad
712 530 766 591 id,
789 530 893 591 quod
911 530 1142 581 aggrediare,
1163 535 1200 565 et
1217 535 1295 565 tra·-

171 582 287 642 J'ectio
306 582 346 619 in
366 583 511 621 alium:
543 585 852 632 communicatio,
881 597 967 635 quae
993 590 1047 622 est
1071 581 1180 635 quasi
1205 593 1295 620 011111

174 635 220 672 115
248 635 353 697 ipsis,
384 638 488 698 apud
516 651 610 689 quos
639 638 754 685 (11035,
784 637 1030 676 deliberatio.
1067 648 1220 674 morum
1252 647 1296 672 ac

175 688 264 726 vitae
282 690 459 739 imitatio,
481 692 570 729 vel'
560 704 600 729 1n
619 692 802 743 personis,
824 693 884 730 vel
903 692 982 730 sine
1001 691 1150 739 illis,m
1109 701 1296 740 magnum

176 743 372 794 quoddam
391 753 659 783 ornamentum
679 746 871 794 orationis,
889 753 925 783 et
939 753 1074 797 aptum
1089 744 1138 782 ad
1151 743 1298 781 animos

175 797 430 837 conciliandos
451 800 511 836 vel
529 800 712 849 maxime,
734 813 832 851 saepe
851 807 981 838 autem
999 799 1114 837 etiam
1132 797 1181 835 ad
1195 810 1298 836 com-

177 852 408 890 movendos:
444 866 692 903 personarum
716 854 803 891 ficta
827 853 1011 902 inductio,
1038 853 1099 891 vel
1123 851 1299 902 gravissi-

178 916 289 942 mum
317 906 450 944 lumen
481 907 670 957 augendi3
706 907 920 959 descriptio,
953 906 1085 945 erroris
1111 905 1297 953 inductio,

177 957 227 995 ad
251 958 482 997 hilaritatem
508 960 715 1012 impulsio:
747 969 834 1000 ante
859 961 1079 1013 occupatio.
1110 967 1196 998 tum
1221 958 1298 996 duo

175 1011 258 1060 1113,
280 1026 366 1064 quae
385 1015 554 1052 maxime
573 1022 742 1063 movent,
765 1015 974 1053 similitudo
999 1022 1037 1053 et
1061 1013 1297 1063 exemplum,

177 1065 351 1116 digestio,
372 1067 639 1119 interpellatio,
662 1069 865 1118 contentio,
882 1068 1089 1130 reticentia,
1105 1079 1298 1106 commen-

177 1119 295 1168 datio,
328 1134 404 1159 vox
434 1122 611 1173 quaedam
641 1123 774 1172 libera,
806 1130 921 1174 atque
947 1123 1062 1161 etiam
1088 1120 1296 1182 effrenatio,

178 1175 345 1224 augendi
364 1188 501 1213 causa:
527 1177 736 1225 iracundia,
753 1176 982 1228 objurgatio,
1002 1175 1214 1228 promissio,
1234 1173 1300 1211 de-

177 1229 358 1278 precatio,
392 1231 612 1290 obsecratio,
648 1231 850 1268 declinatio
878 1230 1002 1268 brevis
1037 1243 1060 1267 a
1093 1228 1299 1280 proposito,

178 1293 256 1319 non
279 1290 323 1320 ut
348 1283 517 1333 superior
543 1284 610 1321 1113
635 1284 829 1335 digressio,
856 1283 1047 1335 purgatiO,
1074 1281 1299 1329 conciliatio,

179 1335 298 1384 laesio,
315 1337 471 1387 optatio,
493 1344 608 1388 atque
634 1338 850 1376 exsecratio.
892 1338 969 1376 His
991 1337 1070 1375 fere
1090 1335 1304 1375 luminibus

179 1388 373 1427 illustrant
392 1391 602 1429 orationem
622 1392 829 1430 sententiae.

236 1443 350 1482 LIV.
373 1443 568 1483 Orationis
584 1452 712 1483 autem
728 1446 861 1497 ipsius,
878 1452 1076 1497 tamquam
1092 1456 1303 1491 armorum,

181 1504 238 1535 est
256 1498 316 1535 vel
335 1497 383 1535 ad
403 1511 517 1536 usum
536 1500 780 1537 comminatio
807 1506 843 1537 et
869 1499 978 1551 quasi
1001 1499 1148 1560 petitio,
1169 1498 1229 1536 vel
1254 1497 1305 1535 ad

181 1559 420 1589 venustatem
439 1553 522 1603 ipsa
540 1554 724 1592 tractatio.
766 1554 873 1591 Nam
892 1560 930 1591 et
946 1553 1153 1603 geminatio
1172 1553 1305 1590 verbo-

181 1617 271 1642 rum
289 1605 404 1642 habet
422 1605 617 1645 interdum
636 1608 730 1656 vim,
751 1608 920 1659 leporem
938 1607 1055 1653 alias;
1086 1613 1123 1644 et
1143 1606 1305 1657 paulum

182 1657 433 1696 immutatum
446 1673 470 1697 v
472 1662 606 1698 erbum
620 1668 734 1712 atque
749 1661 956 1709 deflexum,
969 1668 1007 1698 et
1019 1636 1188 1710 ej'usdem
1200 1659 1306 1697 verbi

183 1714 314 1750 crebra
332 1720 416 1750 tum
437 1727 459 1750 a
472 1714 598 1764 primo
617 1715 803 1775 repetitio,
824 1722 909 1753 tum
928 1715 968 1752 in
988 1722 1202 1752 extremum
1216 1725 1306 1751 con·

183 1766 318 1814 versio,
351 1773 387 1804 et
416 1766 457 1804 in
488 1767 620 1805 eadem
649 1771 763 1806 verba
787 1768 953 1819 impetus
975 1775 1012 1806 et
1035 1767 1242 1814 concursio,
1270 1772 1308 1804 et

182 1819 390 1868 adjunctio,
408 1828 444 1858 et
458 1821 682 1871 progressio,
700 1830 736 1859 et
752 1822 922 1870 ejusdem
938 1822 1042 1859 verbi
1057 1820 1223 1859 crebrius
1237 1833 1306 1871 po-

184 1873 246 1911 siti
261 1873 439 1924 quaedam
454 1874 657 1923 distinctio,
675 1883 712 1913 et
727 1875 912 1914 revocatio
927 1875 1046 1923 verbi,
1063 1883 1100 1912 et
1118 1874 1198 1922 illa,
1220 1887 1307 1926 quae

186 1927 360 1965 similiter
379 1928 571 1976 desinunt,
593 1936 659 1966 aut
679 1943 765 1980 quae
782 1929 922 1967 cadunt
937 1929 1122 1976 similiter,
1139 1935 1206 1965 aut
1221 1941 1308 1979 quae

186 1981 343 2042 paribus
355 1982 462 2032 paria
473 1982 701 2030 referuntur,
715 1990 782 2021 aut
797 1997 883 2034 quae
895 1990 984 2021 sunt
997 1983 1095 2022 inter
1107 1995 1145 2020 se
1157 1982 1308 2021 similia.

186 2034 260 2073 Est
272 2035 386 2073 etiam
399 2035 570 2086 gradatio
583 2037 775 2097 quaedam,
790 2044 828 2075 et
838 2037 1044 2085 conversio,
1058 2043 1095 2074 et
1106 2049 1129 2074 v
1131 2037 1309 2074 erborum

183 2089 368 2127 concinna
388 2091 647 2141 transgressio,
669 2098 706 2128 et
728 2091 976 2139 contrarium,
1002 2098 1039 2129 et
1064 2089 1307 2137 dissolutum,

182 2149 220 2180 et
239 2142 454 2192 declinatio,
475 2151 513 2182 et
532 2145 787 2196 reprehensio,
809 2151 846 2183 et
865 2144 1105 2193 exclamatio,
1123 2151 1161 2182 et
1178 2141 1313 2181 immi-
