1407 2334
233 85 310 125 DE
338 83 630 131 ORATORE,
660 84 757 123 Lm.
780 83 836 122 Π.
866 83 968 122 CAP.
989 83 1052 122 69.
1108 82 1184 120 265

96 192 173 230 lam
199 199 303 230 tuam
318 192 359 230 :''
388 198 432 229 ut
454 191 549 229 illud
576 191 737 236 Nasicae,
764 190 830 242 qui
854 202 940 228 cum
965 190 1013 227 ad
1037 193 1185 240 piietam

97 245 267 282 Ennium
286 245 457 290 venisset,
484 245 606 295 eique,
627 246 673 282 ab
693 244 785 282 ostio
804 243 983 294 quaerenti
1001 242 1187 287 Ennium,

96 298 231 335 ancilla
248 297 414 343 dixisset,
434 298 537 336 domi
555 310 630 335 non
649 310 750 341 033ος
781 297 920 334 Nasica
937 297 1062 342 sensit,
1083 295 1187 332 illam

96 350 240 388 domini
250 352 356 399 jussu
371 350 521 397 dixisse,
543 359 578 388 et
592 351 702 387 illum
721 351 821 387 intus
841 363 940 387 esse:
961 349 1089 400 paucis
1107 355 1190 398 post

96 403 240 449 diebus,
267 415 353 440 cum
379 403 426 441 ad
453 404 630 441 Nasicam
650 404 807 441 venisset
825 403 987 448 Ennius,
1008 409 1044 440 et
1062 414 1149 439 eum
1169 414 1191 438 a

93 457 212 505 janua
226 464 419 506 quaereret,
440 457 625 494 exclamat
644 456 795 502 Nasica,
816 469 854 493 se
872 456 974 492 domi
992 467 1067 492 non
1087 467 1163 492 esse
1177 468 1188 490 2

98 517 180 547 tum
206 509 368 555 Ennius,
399 512 427 531 “
447 509 584 556 Quid?
613 522 681 559 ego
708 522 783 546 non
812 521 990 558 cognosco
1019 507 1190 553 vocem,’'

95 562 235 612 inquit,
265 566 293 585 “
319 570 449 600 tuam.
439 563 485 589 ⁹’'
516 563 594 600 Hic
624 563 776 608 Nasica,
807 565 834 584 “
852 562 980 598 Homo
1005 573 1043 598 es
1067 561 1192 610 impu-

98 615 214 652 dens:
245 628 313 665 ego
331 628 418 652 cum
437 622 474 653 te
492 628 709 666 quaererem,
730 615 873 652 ancillae
891 622 966 651 tuae
985 613 1137 661 credidi,
1157 621 1194 651 te

98 667 202 705 (101111
221 681 295 705 11011
316 681 416 706 esse:
447 676 487 705 tu
507 669 602 705 mihi
620 681 696 706 non
715 668 860 706 credis
850 668 947 727 ipsi.
939 667 978 692 '³'

152 721 222 758 Est
240 721 382 758 bellum
401 721 497 758 illud
516 734 679 772 quoque,
704 734 750 758 ex
771 734 846 772 quo
863 721 909 767 13,
930 720 996 771 qui
1015 719 1155 766 dixit,
1145 733 1194 756 11-

99 773 273 811 11(101111“
264 787 303 811 111
332 786 375 812 00
402 774 483 824 ipso
510 787 658 825 genere,
685 787 760 825 quo
789 774 868 811 (11111
870 781 908 810 t:
937 780 994 819 ut,
1026 785 1113 809 cum
1141 772 1192 819 Q.

101 826 280 877 Opimius
304 827 520 873 consularis,
548 828 613 878 qui
632 826 926 865 adolescentulus
950 826 1049 863 male
1068 825 1194 862 audis-

100 887 168 925 set,
189 879 320 917 festivo
337 880 482 918 homini
500 880 642 930 Egilio,
662 880 728 930 qui
746 880 932 917 videretur
949 878 1111 924 mollior,
1127 890 1196 915 nec

99 941 206 979 esset,
233 932 399 979 dixisset,
427 935 455 955 “
471 932 577 980 Quid
602 941 658 978 tu,
678 933 807 982 Egilia
829 934 944 969 mea?
971 931 1122 982 quando
1147 931 1196 968 ad

99 997 162 1023 me
186 985 288 1023 venis
312 998 398 1023 cum
423 985 490 1023 tua
507 986 591 1023 colu
611 993 647 1023 et
664 986 752 1022 lana
766 986 812 1023 ?'’
842 988 870 1007 “
887 985 990 1030 Non,
1011 985 1117 1034 pol,''
1137 984 1195 1020 in-

99 1038 196 1088 quit,
219 1040 246 1060 ‘⁶
259 1038 401 1077 audeo:
432 1051 523 1076 nam
541 1051 604 1077 me
621 1039 669 1076 ad
693 1039 853 1076 famosas
872 1037 990 1076 vetuit
1002 1044 1122 1075 mater
1135 1049 1196 1074 ac-

101 1091 269 1129 cedere-'⁹

155 1144 309 1182 LXIX.
331 1146 436 1184 Salsa
450 1153 537 1184 sunt
550 1146 677 1206 etiam,
698 1158 782 1196 quae
796 1145 935 1183 habent
949 1143 1195 1194 suspicionem

102 1196 249 1235 ridiculi
267 1199 537 1245 absconditam,
563 1213 639 1250 quo
663 1199 703 1236 in
727 1211 861 1249 genere
880 1206 935 1236 est
951 1197 1047 1234 illud
1065 1197 1195 1242 Siculi,

104 1250 178 1297 0111,
194 1263 280 1288 011111
298 1251 492 1289 familiaris
507 1252 662 1303 quidam
680 1260 908 1303 quereretur,
929 1250 1031 1301 quod
1045 1250 1194 1291 diceret,

102 1316 258 1341 uxorem
283 1317 391 1342 suam
409 1305 647 1370 suspendisse
660 1317 698 1342 se
716 1305 762 1342 de
781 1304 868 1351 ficu,
901 1306 929 1326 “
944 1304 1097 1340 Amabo
1117 1302 1196 1347 te,”

102 1356 239 1407 inquit,
270 1360 298 1379 “
317 1357 366 1395 (13
393 1358 489 1395 1111111
513 1370 560 1395 011
584 1358 655 1395 ista
679 1359 822 1402 arbore,
850 1369 943 1407 quos
971 1368 1089 1393 seram
1116 1368 1197 1392 sur-

100 1409 244 1447 culos.”
275 1409 323 1447 In
341 1410 471 1448 eodem
490 1423 622 1460 genere
637 1417 704 1470 est,
721 1409 822 1460 quod
837 1409 995 1447 Catulus
1009 1408 1105 1445 dixit
1119 1407 1197 1445 cui-

103 1461 191 1499 dam
210 1463 345 1500 oratori
362 1463 477 1509 malo,
499 1463 565 1514 qui
583 1475 669 1500 cum
688 1463 727 1499 in
747 1463 894 1512 epilogo
907 1461 1197 1500 misericordiam

98 1527 140 1553 se
164 1515 322 1553 movisse
346 1522 508 1566 putaret,
534 1523 734 1566 postquam
752 1516 900 1562 assedit,
920 1514 1064 1565 rogavit
1081 1514 1196 1559 hunc,

102 1567 334 1606 videreturne
357 1568 647 1606 misericordiam
671 1568 853 1606 movisse*
842 1597 854 1613 ,
886 1571 913 1590 “
933 1568 996 1605 Ac
1018 1578 1198 1618 magnam

105 1621 301 1671 quidem,”
328 1621 477 1672 inquit3
509 1624 536 1644 “
556 1621 746 1659 neminem
773 1621 874 1659 enim
900 1628 993 1672 puto
1018 1633 1095 1658 esse
1120 1627 1199 1658 tam

98 1674 255 1721 durum,
275 1674 335 1712 cui
354 1687 429 1712 non
447 1675 564 1712 oratio
581 1682 647 1712 tua
664 1674 876 1712 miseranda
895 1674 973 1712 visa
990 1673 1078 1711 sit.''

156 1727 228 1766 Me
253 1727 422 1788 quidem,
455 1727 618 1774 hercule,
647 1727 755 1766 valde
782 1727 849 1765 illa
874 1734 1027 1765 movent
1059 1733 1196 1764 stoma-

102 1780 226 1826 chosa,
253 1787 290 1818 et
308 1781 414 1832 quasi
432 1782 649 1819 submorosa
672 1780 842 1827 ridicula,
869 1792 956 1818 cum
980 1791 1056 1817 non
1075 1792 1098 1816 a
1115 1791 1196 1816 mo-

100 1845 183 1872 roso
197 1833 394 1872 dicuntur:
417 1841 498 1871 tum
514 1833 615 1871 enim
628 1845 704 1871 non
719 1834 787 1879 sal,
803 1833 867 1871 sed
880 1840 1028 1879 natura,
1043 1831 1196 1869 ridetur.

106 1885 155 1976 ξι
180 1899 270 1937 quo,
296 1893 340 1924 ut
362 1886 458 1924 mihi
480 1886 640 1933 videtur,
666 1861 871 1937 persalsum
896 1885 992 1923 illud
1018 1892 1072 1922 est
1096 1882 1199 1934 apud

150 1939 301 1987 aevium,

369 2015 397 2036 ‘⁴
411 2012 518 2061 Quid
536 2014 672 2065 ploras,
692 2020 819 2064 pater.
811 2015 828 2040 ⁹

159 2065 306 2104 Mirum
324 2065 365 2104 ni
383 2073 543 2115 cantem,
572 2067 840 2105 condemnatus
859 2064 970 2103 sum)

112 2149 215 2187 Huic
237 2150 364 2200 generi
389 2151 494 2202 quasi
514 2151 739 2190 eontrarium
759 2157 814 2189 est
832 2148 977 2187 ridiculi
996 2159 1113 2199 genus
1135 2159 1203 2197 pa-

163 2204 353 2249 (Rhetor.)
378 2214 481 2241 vol„
506 2215 532 2241 1.
810 2204 834 2239 2
855 2214 882 2239 A
