1429 2344
100 93 152 130 52
208 91 284 131 DE
315 82 704 142 INVENTIONE,
736 92 832 132 Lm.
851 93 884 131 1.
916 92 1019 132 cn.
1036 90 1099 130 51.

99 212 231 250 pacem
249 200 378 239 laudet
396 201 565 250 omnino,
586 214 661 240 non
684 201 780 239 illud
804 201 948 239 bellum
974 198 1109 237 inutile
1134 208 1212 234 esse

99 253 352 293 demonstret:
383 263 464 302 aut,
485 256 515 293 si
535 255 628 293 ratio
647 255 806 304 alicujus
832 254 884 292 rei
907 252 1083 291 reddetur
1101 250 1210 297 falsa,

102 307 171 345 hoc
196 308 334 347 modo:
366 308 534 347 Pecunia
555 311 699 347 bonum
725 317 794 355 est,
819 315 1016 359 propterea
1041 303 1143 356 quod
1171 315 1214 340 ea

101 361 269 451 ιὲῗῑχὶῐῐιε
302 361 419 400 vitam
451 363 601 401 beatam
630 362 768 407 efficit;
808 369 874 400 aut
906 361 937 399 si
968 359 1135 406 infirma,
1170 362 1213 393 ut

157 421 284 462 autus,

159 489 188 509 “
203 488 389 526 Amicum
409 489 588 540 castigare
607 491 655 528 ob
674 489 849 527 meritam
868 488 1038 534 noxiam,

159 541 341 579 Immune
360 549 415 579 est
435 542 605 580 facinus:
636 555 769 581 verum
788 542 827 579 in
847 549 956 579 aetate
973 541 1067 578 utile

160 594 215 632 Et
233 594 491 633 conducibile:
521 608 612 633 nam
631 608 700 646 ego
719 596 886 633 amicum
903 595 1016 632 hodie
1032 604 1164 631 meum

161 647 436 699 Concastigabo
455 662 525 699 pro
545 649 766 687 commerita
784 648 900 687 noxia
913 648 954 686 2'’

109 743 177 774 aut
200 736 347 784 eadem,
371 736 443 775 hoc
464 736 603 775 modo:
635 736 859 774 Maximum
883 735 1031 772 malum
1056 740 1111 771 est
1135 745 1221 770 ava-

109 789 221 836 ritia3
251 791 393 828 multos
413 790 515 829 enim
533 790 683 841 magnis
702 789 951 828 incommodis
969 787 1092 826 affecit
1109 799 1222 837 pecu-

110 843 184 881 niae
201 843 406 894 cupiditas:
433 852 499 882 aut
513 857 651 896 parum
669 844 817 891 idonea,
836 843 909 881 hoc
926 841 1060 880 modo:
1092 839 1222 877 Maxi-

112 910 222 934 mum
249 899 395 935 bonum
423 906 478 936 est
505 898 695 944 amicitia3
730 896 906 950 plurimae
932 895 1035 934 enim
1063 894 1223 932 delecta-

114 951 234 989 tiones
253 958 342 989 sunt
359 951 399 989 in
419 951 596 990 amicitia.

167 1005 239 1042 LI.
260 1004 431 1051 Quartus
445 1005 582 1043 modus
595 1012 673 1044 erat
687 1003 997 1056 reprehensionis,
1012 1015 1079 1054 per
1093 1013 1224 1052 quem,

114 1066 243 1097 contra
275 1059 427 1096 firmam
459 1059 840 1110 argumentationem,
879 1070 987 1109 aeque
1017 1057 1129 1094 firma
1162 1060 1228 1092 aut

115 1112 260 1150 firmior
291 1114 512 1163 ponebatur.
561 1113 647 1152 Hoc
679 1125 798 1163 genus
830 1112 870 1150 in
897 1108 1230 1150 deliberationibus

116 1166 284 1204 maxime
302 1167 524 1215 versabitur,
552 1180 640 1205 cum
666 1166 823 1218 aliquid,
851 1166 954 1216 quod
978 1170 1108 1202 contra
1129 1162 1229 1200 dica-

117 1227 193 1267 tur,
214 1232 369 1271 aequum
392 1233 469 1258 esse
494 1221 747 1267 concedimus,
774 1219 839 1258 sed
864 1219 917 1268 id,
944 1217 1047 1270 quod
1071 1229 1140 1254 nos
1164 1215 1229 1253 de-

117 1273 323 1322 fendimus,
343 1274 593 1312 necessarium
613 1287 691 1312 esse
709 1274 1031 1312 demonstramus:
1059 1277 1125 1308 aut
1143 1281 1231 1308 cum

117 1327 172 1375 id,
197 1327 299 1378 quod
326 1327 384 1364 illi
411 1327 628 1376 defendant,
658 1327 752 1366 utile
779 1340 857 1366 esse
883 1327 1095 1369 fateamur3
1129 1322 1232 1374 quod

119 1394 188 1419 nos
211 1381 397 1429 dicamus,
417 1381 719 1419 demonstremus
744 1394 821 1419 esse
845 1381 1059 1418 honestum.
1099 1377 1162 1415 Ac
1186 1375 1234 1412 (le

121 1435 407 1486 reprehensione
439 1435 520 1473 haec
547 1435 707 1486 quidem
741 1434 1041 1472 existimavimus
1073 1443 1151 1470 esse
1177 1429 1234 1467 di-

121 1488 251 1527 cenda.
281 1488 470 1540 Deinceps
489 1501 591 1527 nunc
609 1488 656 1527 de
675 1488 911 1526 conclusione
929 1498 1127 1538 ponemus.

178 1542 436 1592 Hermagoras
455 1542 722 1593 digressionem
741 1541 891 1590 deinde,
907 1548 992 1578 tum
1005 1546 1236 1591 postremam

124 1595 402 1634 conclusionem
429 1596 548 1647 ponit.
594 1596 642 1633 In
668 1596 739 1634 hac
767 1602 896 1633 autem
920 1593 1148 1644 digressione
1173 1591 1239 1628 ine

126 1657 236 1701 putat
261 1656 431 1700 oportere
456 1649 664 1700 quamdam
690 1649 820 1687 inferri
843 1648 1065 1696 orationem,
1085 1659 1108 1683 a
1127 1643 1240 1683 causa

125 1711 241 1754 atque
259 1716 282 1740 a
297 1702 528 1751 judicatione
546 1703 628 1753 ipsa
651 1710 851 1750 remotam,
872 1714 958 1753 quae
982 1707 1049 1738 aut
1073 1698 1132 1737 sui
1156 1699 1239 1735 lau-

128 1757 217 1795 dem
235 1763 302 1794 aut
321 1756 522 1794 adversarii
541 1756 857 1807 vituperationem
882 1753 1084 1801 contineat,
1109 1759 1176 1789 aut
1200 1751 1240 1788 in

128 1811 245 1848 aliam
264 1822 417 1847 causam
435 1809 610 1856 deducat,
632 1822 678 1847 ex
707 1809 785 1860 qua
803 1808 974 1846 conficiat
992 1805 1137 1857 aliquid
1154 1816 1242 1843 oon-

129 1862 354 1902 firmationis
387 1869 453 1900 aut
484 1862 794 1913 reprehensionis,
823 1874 900 1899 non
927 1857 1241 1911 argumentando,

130 1917 196 1956 sed
223 1915 397 1967 augendo
423 1929 490 1967 per
513 1915 720 1966 quamdam
743 1914 1086 1966 amplificationem.
1131 1912 1244 1950 Hanc

131 1971 163 2010 si
183 1970 268 2022 quis
286 1977 433 2020 partem
451 1969 595 2020 putarit
614 1969 805 2016 orationis,
826 1974 1005 2019 sequatur
1030 1966 1244 2015 Hermago-

132 2037 215 2063 ram
233 2023 370 2061 licebit.
402 2023 508 2060 Nam
529 2030 565 2061 et
584 2022 761 2073 augendi,
782 2029 818 2060 et
836 2019 1030 2068 laudandi,
1047 2026 1084 2057 et
1098 2019 1244 2068 vitupe-

133 2077 241 2117 randi
260 2083 445 2127 praecepta
463 2090 486 2114 a
504 2077 611 2114 nobis
630 2076 769 2126 partim
788 2075 876 2113 data
897 2081 999 2120 sunt,
1019 2072 1159 2124 partim
1179 2084 1247 2109 suo

132 2134 214 2170 loco
229 2131 432 2169 dabuntur.
464 2130 587 2168 Nobis
601 2137 729 2167 autem
744 2142 819 2168 non
834 2129 970 2180 placet,
987 2127 1086 2164 hanc
1099 2131 1246 2177 partem

132 2187 173 2226 in
197 2196 354 2223 numero
377 2183 521 2236 reponi,
546 2183 649 2236 quod
678 2183 724 2222 de
752 2182 864 2222 causa
892 2180 1052 2232 digredi,
1081 2179 1154 2218 nisi
1181 2190 1248 2230 per
