<?xml version="1.0" encoding="UTF-8"?>
<!DOCTYPE html PUBLIC "-//W3C//DTD XHTML 1.0 Transitional//EN"
    "http://www.w3.org/TR/xhtml1/DTD/xhtml1-transitional.dtd">
<html xmlns="http://www.w3.org/1999/xhtml" xml:lang="en" lang="en">
 <head>
  <title>
</title>
<meta http-equiv="Content-Type" content="text/html;charset=utf-8" />
  <meta name='ocr-system' content='tesseract 3.04.00' />
  <meta name='ocr-capabilities' content='ocr_page ocr_carea ocr_par ocr_line ocrx_word'/>
</head>
<body>
  <div class='ocr_page' id='page_1' title='image "./operaern01ciceuoft_0242.png"; bbox 0 0 1429 2344; ppageno 0'>
   <div class='ocr_carea' id='block_1_1' title="bbox 175 49 1147 102">
    <p class='ocr_par' dir='ltr' id='par_1_1' title="bbox 175 49 1147 102">
     <span class='ocr_line' id='line_1_1' title="bbox 175 49 1147 102; baseline 0.002 -14"><span class='ocrx_word' id='word_1_1' title='bbox 175 50 254 89; x_wconf 82' lang='lat'>224</span> <span class='ocrx_word' id='word_1_2' title='bbox 317 49 395 90; x_wconf 79' lang='lat' dir='ltr'>DE</span> <span class='ocrx_word' id='word_1_3' title='bbox 425 49 722 102; x_wconf 83' lang='lat' dir='ltr'>ORATORE,</span> <span class='ocrx_word' id='word_1_4' title='bbox 752 51 851 90; x_wconf 76' lang='lat' dir='ltr'>Lm.</span> <span class='ocrx_word' id='word_1_5' title='bbox 872 50 932 90; x_wconf 90' lang='lat'>11.</span> <span class='ocrx_word' id='word_1_6' title='bbox 961 50 1147 90; x_wconf 51' lang='lat' dir='ltr'>caso.</span> 
     </span>
    </p>
   </div>
   <div class='ocr_carea' id='block_1_2' title="bbox 154 158 1277 2207">
    <p class='ocr_par' dir='ltr' id='par_1_2' title="bbox 159 158 1277 681">
     <span class='ocr_line' id='line_1_2' title="bbox 164 158 1276 212; baseline 0.003 -15"><span class='ocrx_word' id='word_1_7' title='bbox 164 158 306 211; x_wconf 73' lang='lat' dir='ltr'>plicese</span> <span class='ocrx_word' id='word_1_8' title='bbox 336 171 460 211; x_wconf 88' lang='lat' dir='ltr'>neque</span> <span class='ocrx_word' id='word_1_9' title='bbox 477 166 528 208; x_wconf 88' lang='lat' dir='ltr'>te,</span> <span class='ocrx_word' id='word_1_10' title='bbox 548 159 712 210; x_wconf 84' lang='lat' dir='ltr'><strong>Antoni,</strong></span> <span class='ocrx_word' id='word_1_11' title='bbox 729 160 760 199; x_wconf 85' lang='lat' dir='ltr'>si</span> <span class='ocrx_word' id='word_1_12' title='bbox 774 159 867 212; x_wconf 89' lang='lat' dir='ltr'>quid</span> <span class='ocrx_word' id='word_1_13' title='bbox 885 172 963 198; x_wconf 91' lang='lat' dir='ltr'>non</span> <span class='ocrx_word' id='word_1_14' title='bbox 976 158 1130 208; x_wconf 81' lang='lat' dir='ltr'>dixeris,</span> <span class='ocrx_word' id='word_1_15' title='bbox 1145 159 1276 201; x_wconf 81' lang='lat' dir='ltr'>existi-.-</span> 
     </span>
     <span class='ocr_line' id='line_1_3' title="bbox 165 213 1276 266; baseline 0.003 -17"><span class='ocrx_word' id='word_1_16' title='bbox 165 213 358 250; x_wconf 79' lang='lat' dir='ltr'>mabimus</span> <span class='ocrx_word' id='word_1_17' title='bbox 385 226 461 251; x_wconf 84' lang='lat' dir='ltr'>non</span> <span class='ocrx_word' id='word_1_18' title='bbox 488 214 654 264; x_wconf 88' lang='lat' dir='ltr'>potuisse</span> <span class='ocrx_word' id='word_1_19' title='bbox 679 214 820 266; x_wconf 85' lang='lat' dir='ltr'>potius,</span> <span class='ocrx_word' id='word_1_20' title='bbox 846 227 964 266; x_wconf 88' lang='lat' dir='ltr'>quam</span> <span class='ocrx_word' id='word_1_21' title='bbox 991 227 1014 253; x_wconf 88' lang='lat' dir='ltr'>a</span> <span class='ocrx_word' id='word_1_22' title='bbox 1039 213 1174 252; x_wconf 87' lang='lat' dir='ltr'>Crasso</span> <span class='ocrx_word' id='word_1_23' title='bbox 1200 214 1276 253; x_wconf 85' lang='lat' dir='ltr'>dici</span> 
     </span>
     <span class='ocr_line' id='line_1_4' title="bbox 163 266 1274 319; baseline 0.002 -16"><span class='ocrx_word' id='word_1_24' title='bbox 163 267 354 304; x_wconf 81' lang='lat' dir='ltr'>maluisse.</span> <span class='ocrx_word' id='word_1_25' title='bbox 406 267 486 305; x_wconf 85' lang='lat' dir='ltr'>Hic</span> <span class='ocrx_word' id='word_1_26' title='bbox 516 266 686 316; x_wconf 76' lang='lat' dir='ltr'>Crassus,</span> <span class='ocrx_word' id='word_1_27' title='bbox 717 268 824 316; x_wconf 83' lang='lat' dir='ltr'>Quin</span> <span class='ocrx_word' id='word_1_28' title='bbox 853 275 911 317; x_wconf 90' lang='lat' dir='ltr'>tu,</span> <span class='ocrx_word' id='word_1_29' title='bbox 941 267 1080 319; x_wconf 85' lang='lat' dir='ltr'>inquit,</span> <span class='ocrx_word' id='word_1_30' title='bbox 1109 267 1274 317; x_wconf 82' lang='lat' dir='ltr'>Antoni,</span> 
     </span>
     <span class='ocr_line' id='line_1_5' title="bbox 164 320 1277 373; baseline 0.003 -16"><span class='ocrx_word' id='word_1_31' title='bbox 164 320 307 358; x_wconf 90' lang='lat' dir='ltr'>omittis</span> <span class='ocrx_word' id='word_1_32' title='bbox 326 320 410 368; x_wconf 85' lang='lat' dir='ltr'>ista,</span> <span class='ocrx_word' id='word_1_33' title='bbox 428 335 513 372; x_wconf 86' lang='lat' dir='ltr'>quae</span> <span class='ocrx_word' id='word_1_34' title='bbox 532 322 771 372; x_wconf 74' lang='lat' dir='ltr'>proposuisti,</span> <span class='ocrx_word' id='word_1_35' title='bbox 789 335 875 373; x_wconf 85' lang='lat' dir='ltr'>quae</span> <span class='ocrx_word' id='word_1_36' title='bbox 889 335 1001 360; x_wconf 89' lang='lat' dir='ltr'>nemo</span> <span class='ocrx_word' id='word_1_37' title='bbox 1019 322 1159 359; x_wconf 90' lang='lat' dir='ltr'>horum</span> <span class='ocrx_word' id='word_1_38' title='bbox 1178 322 1277 360; x_wconf 60' lang='lat' dir='ltr'>desi„</span> 
     </span>
     <span class='ocr_line' id='line_1_6' title="bbox 165 373 1273 427; baseline 0.004 -17"><span class='ocrx_word' id='word_1_39' title='bbox 165 373 272 411; x_wconf 89' lang='lat' dir='ltr'>derat</span> <span class='ocrx_word' id='word_1_40' title='bbox 285 388 296 419; x_wconf 75' lang='grc' dir='ltr'><strong>ς</strong></span> <span class='ocrx_word' id='word_1_41' title='bbox 327 374 466 425; x_wconf 89' lang='lat' dir='ltr'>quibus</span> <span class='ocrx_word' id='word_1_42' title='bbox 481 389 529 413; x_wconf 84' lang='lat' dir='ltr'>ex</span> <span class='ocrx_word' id='word_1_43' title='bbox 542 376 632 413; x_wconf 89' lang='lat' dir='ltr'>locis</span> <span class='ocrx_word' id='word_1_44' title='bbox 648 389 704 424; x_wconf 93' lang='lat' dir='ltr'>ea,</span> <span class='ocrx_word' id='word_1_45' title='bbox 721 389 807 427; x_wconf 84' lang='lat' dir='ltr'>quae</span> <span class='ocrx_word' id='word_1_46' title='bbox 821 375 979 414; x_wconf 86' lang='lat' dir='ltr'>dicenda</span> <span class='ocrx_word' id='word_1_47' title='bbox 997 375 1071 414; x_wconf 88' lang='lat' dir='ltr'>sint</span> <span class='ocrx_word' id='word_1_48' title='bbox 1081 375 1122 413; x_wconf 91' lang='lat' dir='ltr'>in</span> <span class='ocrx_word' id='word_1_49' title='bbox 1137 376 1273 424; x_wconf 85' lang='lat' dir='ltr'>causis,</span> 
     </span>
     <span class='ocr_line' id='line_1_7' title="bbox 162 427 1274 481; baseline 0.003 -17"><span class='ocrx_word' id='word_1_50' title='bbox 162 427 421 478; x_wconf 78' lang='lat' dir='ltr'>reperiantu13</span> <span class='ocrx_word' id='word_1_51' title='bbox 453 443 537 480; x_wconf 88' lang='lat' dir='ltr'>quae</span> <span class='ocrx_word' id='word_1_52' title='bbox 563 443 800 481; x_wconf 84' lang='lat' dir='ltr'>quamquam</span> <span class='ocrx_word' id='word_1_53' title='bbox 825 431 892 468; x_wconf 87' lang='lat' dir='ltr'>abs</span> <span class='ocrx_word' id='word_1_54' title='bbox 917 436 953 468; x_wconf 88' lang='lat' dir='ltr'>te</span> <span class='ocrx_word' id='word_1_55' title='bbox 980 442 1078 468; x_wconf 91' lang='lat' dir='ltr'>novo</span> <span class='ocrx_word' id='word_1_56' title='bbox 1105 429 1274 481; x_wconf 86' lang='lat' dir='ltr'>quodam</span> 
     </span>
     <span class='ocr_line' id='line_1_8' title="bbox 161 481 1272 534; baseline 0.003 -16"><span class='ocrx_word' id='word_1_57' title='bbox 161 481 290 530; x_wconf 87' lang='lat' dir='ltr'>modo,</span> <span class='ocrx_word' id='word_1_58' title='bbox 310 483 562 534; x_wconf 65' lang='lat' dir='ltr'>praeclareque</span> <span class='ocrx_word' id='word_1_59' title='bbox 581 483 771 531; x_wconf 78' lang='lat' dir='ltr'>dicuntur,</span> <span class='ocrx_word' id='word_1_60' title='bbox 793 490 881 521; x_wconf 90' lang='lat' dir='ltr'>sunt</span> <span class='ocrx_word' id='word_1_61' title='bbox 906 490 1034 521; x_wconf 87' lang='lat' dir='ltr'>tamen</span> <span class='ocrx_word' id='word_1_62' title='bbox 1059 490 1096 520; x_wconf 88' lang='lat' dir='ltr'>et</span> <span class='ocrx_word' id='word_1_63' title='bbox 1121 497 1161 521; x_wconf 90' lang='lat' dir='ltr'>re</span> <span class='ocrx_word' id='word_1_64' title='bbox 1179 483 1272 522; x_wconf 87' lang='lat' dir='ltr'>faci-</span> 
     </span>
     <span class='ocr_line' id='line_1_9' title="bbox 159 534 1269 598; baseline 0.003 -26"><span class='ocrx_word' id='word_1_65' title='bbox 159 534 267 583; x_wconf 86' lang='lat' dir='ltr'>liora,</span> <span class='ocrx_word' id='word_1_66' title='bbox 296 544 333 573; x_wconf 86' lang='lat' dir='ltr'>et</span> <span class='ocrx_word' id='word_1_67' title='bbox 357 537 551 588; x_wconf 70' lang='lat' dir='ltr'>praeceptis</span> <span class='ocrx_word' id='word_1_68' title='bbox 576 540 810 598; x_wconf 82' lang='lat' dir='ltr'>pervagata?</span> <span class='ocrx_word' id='word_1_69' title='bbox 839 537 919 586; x_wconf 88' lang='lat' dir='ltr'>illa,</span> <span class='ocrx_word' id='word_1_70' title='bbox 940 537 1119 588; x_wconf 84' lang='lat' dir='ltr'>deprome</span> <span class='ocrx_word' id='word_1_71' title='bbox 1145 537 1269 587; x_wconf 87' lang='lat' dir='ltr'>nobis,</span> 
     </span>
     <span class='ocr_line' id='line_1_10' title="bbox 160 589 1270 643; baseline 0.004 -17"><span class='ocrx_word' id='word_1_72' title='bbox 160 589 263 627; x_wconf 84' lang='lat' dir='ltr'>unde</span> <span class='ocrx_word' id='word_1_73' title='bbox 288 589 434 640; x_wconf 85' lang='lat' dir='ltr'>afferas,</span> <span class='ocrx_word' id='word_1_74' title='bbox 455 604 541 643; x_wconf 87' lang='lat' dir='ltr'>quae</span> <span class='ocrx_word' id='word_1_75' title='bbox 566 591 769 643; x_wconf 71' lang='lat' dir='ltr'>saepissime</span> <span class='ocrx_word' id='word_1_76' title='bbox 794 598 944 642; x_wconf 80' lang='lat' dir='ltr'>tractas,</span> <span class='ocrx_word' id='word_1_77' title='bbox 970 604 1193 642; x_wconf 86' lang='lat' dir='ltr'>semperque</span> <span class='ocrx_word' id='word_1_78' title='bbox 1211 591 1270 630; x_wconf 81' lang='lat' dir='ltr'>di-</span> 
     </span>
     <span class='ocr_line' id='line_1_11' title="bbox 164 642 349 681; baseline 0 0"><span class='ocrx_word' id='word_1_79' title='bbox 164 642 317 681; x_wconf 80' lang='lat' dir='ltr'>Vinitus</span> <span class='ocrx_word' id='word_1_80' title='bbox 345 657 349 661; x_wconf 88' lang='lat'>&#39;</span> 
     </span>
    </p>

    <p class='ocr_par' dir='ltr' id='par_1_3' title="bbox 157 696 1274 1599">
     <span class='ocr_line' id='line_1_12' title="bbox 217 696 1274 750; baseline 0.003 -16"><span class='ocrx_word' id='word_1_81' title='bbox 217 696 454 748; x_wconf 74' lang='lat' dir='ltr'>Depromam</span> <span class='ocrx_word' id='word_1_82' title='bbox 482 698 672 750; x_wconf 90' lang='lat' dir='ltr'>equidem,</span> <span class='ocrx_word' id='word_1_83' title='bbox 702 699 828 750; x_wconf 88' lang='lat' dir='ltr'>inquit</span> <span class='ocrx_word' id='word_1_84' title='bbox 855 698 1052 737; x_wconf 81' lang='lat' dir='ltr'>Antonius</span> <span class='ocrx_word' id='word_1_85' title='bbox 1068 711 1080 744; x_wconf 80' lang='grc' dir='ltr'><strong>ς</strong></span> <span class='ocrx_word' id='word_1_86' title='bbox 1115 704 1166 747; x_wconf 87' lang='lat' dir='ltr'>et,</span> <span class='ocrx_word' id='word_1_87' title='bbox 1195 712 1274 750; x_wconf 93' lang='lat' dir='ltr'>quo</span> 
     </span>
     <span class='ocr_line' id='line_1_13' title="bbox 162 750 1273 804; baseline 0.004 -17"><span class='ocrx_word' id='word_1_88' title='bbox 162 750 311 789; x_wconf 78' lang='lat' dir='ltr'>facilius</span> <span class='ocrx_word' id='word_1_89' title='bbox 330 752 369 789; x_wconf 90' lang='lat' dir='ltr'>id</span> <span class='ocrx_word' id='word_1_90' title='bbox 384 765 406 789; x_wconf 91' lang='lat' dir='ltr'>a</span> <span class='ocrx_word' id='word_1_91' title='bbox 425 760 462 790; x_wconf 87' lang='lat' dir='ltr'>te</span> <span class='ocrx_word' id='word_1_92' title='bbox 480 753 632 803; x_wconf 84' lang='lat' dir='ltr'>exigam</span> <span class='ocrx_word' id='word_1_93' title='bbox 647 753 750 804; x_wconf 92' lang='lat' dir='ltr'>quod</span> <span class='ocrx_word' id='word_1_94' title='bbox 764 760 864 804; x_wconf 90' lang='lat' dir='ltr'>peto,</span> <span class='ocrx_word' id='word_1_95' title='bbox 880 753 978 791; x_wconf 90' lang='lat' dir='ltr'>nihil</span> <span class='ocrx_word' id='word_1_96' title='bbox 991 752 1097 790; x_wconf 88' lang='lat' dir='ltr'>tibia</span> <span class='ocrx_word' id='word_1_97' title='bbox 1109 764 1172 790; x_wconf 89' lang='lat' dir='ltr'>me</span> <span class='ocrx_word' id='word_1_98' title='bbox 1185 765 1273 804; x_wconf 90' lang='lat' dir='ltr'>pos-</span> 
     </span>
     <span class='ocr_line' id='line_1_14' title="bbox 160 805 1273 857; baseline 0.002 -16"><span class='ocrx_word' id='word_1_99' title='bbox 160 805 299 842; x_wconf 85' lang='lat' dir='ltr'>tulanti</span> <span class='ocrx_word' id='word_1_100' title='bbox 313 808 503 844; x_wconf 82' lang='lat' dir='ltr'>recusabo.</span> <span class='ocrx_word' id='word_1_101' title='bbox 532 806 579 844; x_wconf 85' lang='lat' dir='ltr'><strong>M</strong></span> <span class='ocrx_word' id='word_1_102' title='bbox 585 820 636 844; x_wconf 84' lang='lat' dir='ltr'>eae</span> <span class='ocrx_word' id='word_1_103' title='bbox 650 807 764 845; x_wconf 83' lang='lat' dir='ltr'>totius</span> <span class='ocrx_word' id='word_1_104' title='bbox 779 807 970 856; x_wconf 84' lang='lat' dir='ltr'>orationis,</span> <span class='ocrx_word' id='word_1_105' title='bbox 986 814 1023 844; x_wconf 90' lang='lat' dir='ltr'>et</span> <span class='ocrx_word' id='word_1_106' title='bbox 1033 806 1141 844; x_wconf 91' lang='lat' dir='ltr'>istius</span> <span class='ocrx_word' id='word_1_107' title='bbox 1154 806 1273 857; x_wconf 82' lang='lat' dir='ltr'>ipsius</span> 
     </span>
     <span class='ocr_line' id='line_1_15' title="bbox 160 858 1271 912; baseline 0.004 -17"><span class='ocrx_word' id='word_1_108' title='bbox 160 858 202 895; x_wconf 93' lang='lat' dir='ltr'>in</span> <span class='ocrx_word' id='word_1_109' title='bbox 221 859 379 897; x_wconf 81' lang='lat' dir='ltr'>dicendo</span> <span class='ocrx_word' id='word_1_110' title='bbox 397 860 601 909; x_wconf 79' lang='lat' dir='ltr'>facultatis,</span> <span class='ocrx_word' id='word_1_111' title='bbox 622 874 739 912; x_wconf 88' lang='lat' dir='ltr'>quam</span> <span class='ocrx_word' id='word_1_112' title='bbox 757 861 872 899; x_wconf 88' lang='lat' dir='ltr'>modo</span> <span class='ocrx_word' id='word_1_113' title='bbox 891 860 1049 899; x_wconf 84' lang='lat' dir='ltr'>Crassus</span> <span class='ocrx_word' id='word_1_114' title='bbox 1072 860 1113 897; x_wconf 89' lang='lat' dir='ltr'>in</span> <span class='ocrx_word' id='word_1_115' title='bbox 1132 860 1271 899; x_wconf 86' lang='lat' dir='ltr'>coelum</span> 
     </span>
     <span class='ocr_line' id='line_1_16' title="bbox 160 913 1272 964; baseline 0.004 -15"><span class='ocrx_word' id='word_1_116' title='bbox 160 913 282 950; x_wconf 86' lang='lat' dir='ltr'>verbis</span> <span class='ocrx_word' id='word_1_117' title='bbox 302 914 452 962; x_wconf 82' lang='lat' dir='ltr'>extulit,</span> <span class='ocrx_word' id='word_1_118' title='bbox 473 921 546 952; x_wconf 88' lang='lat' dir='ltr'>tres</span> <span class='ocrx_word' id='word_1_119' title='bbox 574 922 662 952; x_wconf 87' lang='lat' dir='ltr'>sunt</span> <span class='ocrx_word' id='word_1_120' title='bbox 686 915 862 964; x_wconf 85' lang='lat' dir='ltr'>rationes,</span> <span class='ocrx_word' id='word_1_121' title='bbox 882 922 926 952; x_wconf 89' lang='lat' dir='ltr'>ut</span> <span class='ocrx_word' id='word_1_122' title='bbox 951 921 1038 952; x_wconf 86' lang='lat' dir='ltr'>ante</span> <span class='ocrx_word' id='word_1_123' title='bbox 1057 913 1162 961; x_wconf 76' lang='lat' dir='ltr'>dixi3</span> <span class='ocrx_word' id='word_1_124' title='bbox 1192 927 1272 953; x_wconf 88' lang='lat' dir='ltr'>una</span> 
     </span>
     <span class='ocr_line' id='line_1_17' title="bbox 159 966 1272 1017; baseline 0.003 -14"><span class='ocrx_word' id='word_1_125' title='bbox 159 966 480 1005; x_wconf 76' lang='lat' dir='ltr'>conciliandorum</span> <span class='ocrx_word' id='word_1_126' title='bbox 499 968 716 1017; x_wconf 84' lang='lat' dir='ltr'>hominum,</span> <span class='ocrx_word' id='word_1_127' title='bbox 736 969 853 1006; x_wconf 81' lang='lat' dir='ltr'>altera</span> <span class='ocrx_word' id='word_1_128' title='bbox 871 968 1140 1016; x_wconf 86' lang='lat' dir='ltr'>docendorum,</span> <span class='ocrx_word' id='word_1_129' title='bbox 1161 968 1272 1006; x_wconf 86' lang='lat' dir='ltr'>tertia</span> 
     </span>
     <span class='ocr_line' id='line_1_18' title="bbox 161 1020 1271 1074; baseline 0.002 -17"><span class='ocrx_word' id='word_1_130' title='bbox 161 1020 482 1059; x_wconf 89' lang='lat' dir='ltr'>concitandorum.</span> <span class='ocrx_word' id='word_1_131' title='bbox 514 1022 667 1060; x_wconf 81' lang='lat' dir='ltr'>Harum</span> <span class='ocrx_word' id='word_1_132' title='bbox 679 1023 795 1060; x_wconf 88' lang='lat' dir='ltr'>trium</span> <span class='ocrx_word' id='word_1_133' title='bbox 813 1023 981 1074; x_wconf 87' lang='lat' dir='ltr'>partium</span> <span class='ocrx_word' id='word_1_134' title='bbox 994 1022 1119 1073; x_wconf 86' lang='lat' dir='ltr'>prima</span> <span class='ocrx_word' id='word_1_135' title='bbox 1136 1021 1271 1059; x_wconf 88' lang='lat' dir='ltr'>lenita-</span> 
     </span>
     <span class='ocr_line' id='line_1_19' title="bbox 162 1074 1268 1125; baseline 0.003 -14"><span class='ocrx_word' id='word_1_136' title='bbox 162 1081 241 1112; x_wconf 90' lang='lat' dir='ltr'>tem</span> <span class='ocrx_word' id='word_1_137' title='bbox 258 1074 450 1124; x_wconf 82' lang='lat' dir='ltr'>orationis,</span> <span class='ocrx_word' id='word_1_138' title='bbox 467 1076 630 1114; x_wconf 84' lang='lat' dir='ltr'>secunda</span> <span class='ocrx_word' id='word_1_139' title='bbox 649 1089 822 1125; x_wconf 87' lang='lat' dir='ltr'>acumen,</span> <span class='ocrx_word' id='word_1_140' title='bbox 843 1076 952 1114; x_wconf 88' lang='lat' dir='ltr'>tertia</span> <span class='ocrx_word' id='word_1_141' title='bbox 965 1076 1044 1113; x_wconf 82' lang='lat' dir='ltr'>vim</span> <span class='ocrx_word' id='word_1_142' title='bbox 1062 1075 1268 1114; x_wconf 88' lang='lat' dir='ltr'>desiderat:</span> 
     </span>
     <span class='ocr_line' id='line_1_20' title="bbox 162 1128 1273 1181; baseline 0.004 -16"><span class='ocrx_word' id='word_1_143' title='bbox 162 1140 253 1165; x_wconf 86' lang='lat' dir='ltr'>nam</span> <span class='ocrx_word' id='word_1_144' title='bbox 272 1128 344 1166; x_wconf 90' lang='lat' dir='ltr'>hoc</span> <span class='ocrx_word' id='word_1_145' title='bbox 363 1142 509 1167; x_wconf 85' lang='lat' dir='ltr'>necesse</span> <span class='ocrx_word' id='word_1_146' title='bbox 527 1138 595 1178; x_wconf 88' lang='lat' dir='ltr'>est,</span> <span class='ocrx_word' id='word_1_147' title='bbox 615 1138 659 1168; x_wconf 94' lang='lat' dir='ltr'>ut</span> <span class='ocrx_word' id='word_1_148' title='bbox 677 1130 723 1178; x_wconf 88' lang='lat' dir='ltr'>is,</span> <span class='ocrx_word' id='word_1_149' title='bbox 739 1130 807 1181; x_wconf 90' lang='lat' dir='ltr'>qui</span> <span class='ocrx_word' id='word_1_150' title='bbox 824 1129 932 1168; x_wconf 89' lang='lat' dir='ltr'>nobis</span> <span class='ocrx_word' id='word_1_151' title='bbox 950 1142 1103 1167; x_wconf 80' lang='lat' dir='ltr'>causam</span> <span class='ocrx_word' id='word_1_152' title='bbox 1121 1129 1273 1178; x_wconf 69' lang='lat' dir='ltr'>adjudi-</span> 
     </span>
     <span class='ocr_line' id='line_1_21' title="bbox 161 1182 1271 1235; baseline 0.001 -16"><span class='ocrx_word' id='word_1_153' title='bbox 161 1189 313 1220; x_wconf 85' lang='lat' dir='ltr'>caturus</span> <span class='ocrx_word' id='word_1_154' title='bbox 332 1182 394 1231; x_wconf 88' lang='lat' dir='ltr'>sit,</span> <span class='ocrx_word' id='word_1_155' title='bbox 415 1190 481 1220; x_wconf 83' lang='lat' dir='ltr'>aut</span> <span class='ocrx_word' id='word_1_156' title='bbox 495 1184 738 1222; x_wconf 82' lang='lat' dir='ltr'>inclinatione</span> <span class='ocrx_word' id='word_1_157' title='bbox 756 1183 961 1222; x_wconf 88' lang='lat' dir='ltr'>voluntatis</span> <span class='ocrx_word' id='word_1_158' title='bbox 979 1183 1212 1235; x_wconf 79' lang='lat' dir='ltr'>propendeat</span> <span class='ocrx_word' id='word_1_159' title='bbox 1229 1183 1271 1221; x_wconf 89' lang='lat' dir='ltr'>in</span> 
     </span>
     <span class='ocr_line' id='line_1_22' title="bbox 160 1236 1270 1288; baseline 0 -15"><span class='ocrx_word' id='word_1_160' title='bbox 160 1248 243 1285; x_wconf 90' lang='lat' dir='ltr'>nos,</span> <span class='ocrx_word' id='word_1_161' title='bbox 261 1243 328 1273; x_wconf 88' lang='lat' dir='ltr'>aut</span> <span class='ocrx_word' id='word_1_162' title='bbox 346 1237 569 1275; x_wconf 88' lang='lat' dir='ltr'>defensionis</span> <span class='ocrx_word' id='word_1_163' title='bbox 585 1238 817 1288; x_wconf 84' lang='lat' dir='ltr'>argumentis</span> <span class='ocrx_word' id='word_1_164' title='bbox 833 1238 1055 1285; x_wconf 84' lang='lat' dir='ltr'>adducatur,</span> <span class='ocrx_word' id='word_1_165' title='bbox 1071 1243 1138 1274; x_wconf 87' lang='lat' dir='ltr'>aut</span> <span class='ocrx_word' id='word_1_166' title='bbox 1151 1236 1270 1282; x_wconf 79' lang='lat' dir='ltr'>animi</span> 
     </span>
     <span class='ocr_line' id='line_1_23' title="bbox 162 1290 1270 1352; baseline 0.001 -24"><span class='ocrx_word' id='word_1_167' title='bbox 162 1290 396 1341; x_wconf 84' lang='lat' dir='ltr'>permotione</span> <span class='ocrx_word' id='word_1_168' title='bbox 414 1299 581 1341; x_wconf 84' lang='lat' dir='ltr'>cogatur.</span> <span class='ocrx_word' id='word_1_169' title='bbox 611 1292 700 1340; x_wconf 74' lang='lat' dir='ltr'>Sed,</span> <span class='ocrx_word' id='word_1_170' title='bbox 721 1291 903 1343; x_wconf 88' lang='lat' dir='ltr'>quoniam</span> <span class='ocrx_word' id='word_1_171' title='bbox 927 1292 994 1328; x_wconf 87' lang='lat' dir='ltr'>illa</span> <span class='ocrx_word' id='word_1_172' title='bbox 1012 1303 1112 1352; x_wconf 84' lang='lat' dir='ltr'>pars,</span> <span class='ocrx_word' id='word_1_173' title='bbox 1131 1290 1173 1328; x_wconf 89' lang='lat' dir='ltr'>in</span> <span class='ocrx_word' id='word_1_174' title='bbox 1191 1290 1270 1341; x_wconf 63' lang='lat' dir='ltr'>qua</span> 
     </span>
     <span class='ocr_line' id='line_1_24' title="bbox 161 1344 1269 1406; baseline 0.001 -25"><span class='ocrx_word' id='word_1_175' title='bbox 161 1357 288 1382; x_wconf 84' lang='lat' dir='ltr'>rerum</span> <span class='ocrx_word' id='word_1_176' title='bbox 306 1344 476 1395; x_wconf 82' lang='lat' dir='ltr'>ipsarum</span> <span class='ocrx_word' id='word_1_177' title='bbox 489 1346 688 1406; x_wconf 82' lang='lat' dir='ltr'>explicatio</span> <span class='ocrx_word' id='word_1_178' title='bbox 707 1359 749 1384; x_wconf 90' lang='lat' dir='ltr'>ac</span> <span class='ocrx_word' id='word_1_179' title='bbox 763 1345 929 1383; x_wconf 87' lang='lat' dir='ltr'>defensio</span> <span class='ocrx_word' id='word_1_180' title='bbox 946 1345 1068 1396; x_wconf 88' lang='lat' dir='ltr'>posita</span> <span class='ocrx_word' id='word_1_181' title='bbox 1082 1351 1150 1392; x_wconf 91' lang='lat' dir='ltr'>est,</span> <span class='ocrx_word' id='word_1_182' title='bbox 1166 1344 1269 1382; x_wconf 90' lang='lat' dir='ltr'>vide-</span> 
     </span>
     <span class='ocr_line' id='line_1_25' title="bbox 159 1398 1266 1451; baseline 0 -16"><span class='ocrx_word' id='word_1_183' title='bbox 159 1404 222 1436; x_wconf 88' lang='lat' dir='ltr'>tur</span> <span class='ocrx_word' id='word_1_184' title='bbox 241 1411 394 1436; x_wconf 83' lang='lat' dir='ltr'>omnem</span> <span class='ocrx_word' id='word_1_185' title='bbox 412 1399 479 1448; x_wconf 90' lang='lat' dir='ltr'>huj</span> <span class='ocrx_word' id='word_1_186' title='bbox 484 1413 528 1437; x_wconf 88' lang='lat' dir='ltr'>us</span> <span class='ocrx_word' id='word_1_187' title='bbox 546 1399 733 1451; x_wconf 88' lang='lat' dir='ltr'>generis</span> <span class='ocrx_word' id='word_1_188' title='bbox 707 1400 816 1446; x_wconf 77' lang='lat' dir='ltr'>quasi</span> <span class='ocrx_word' id='word_1_189' title='bbox 834 1399 1044 1437; x_wconf 83' lang='lat' dir='ltr'>doctrinam</span> <span class='ocrx_word' id='word_1_190' title='bbox 1063 1398 1266 1447; x_wconf 83' lang='lat' dir='ltr'>continere,</span> 
     </span>
     <span class='ocr_line' id='line_1_26' title="bbox 159 1452 1269 1504; baseline -0.001 -14"><span class='ocrx_word' id='word_1_191' title='bbox 159 1452 206 1490; x_wconf 91' lang='lat' dir='ltr'>de</span> <span class='ocrx_word' id='word_1_192' title='bbox 225 1453 270 1490; x_wconf 87' lang='lat' dir='ltr'>ea</span> <span class='ocrx_word' id='word_1_193' title='bbox 287 1453 458 1503; x_wconf 83' lang='lat' dir='ltr'>primum</span> <span class='ocrx_word' id='word_1_194' title='bbox 483 1454 699 1504; x_wconf 76' lang='lat' dir='ltr'>loquemur,</span> <span class='ocrx_word' id='word_1_195' title='bbox 721 1461 758 1491; x_wconf 91' lang='lat' dir='ltr'>et</span> <span class='ocrx_word' id='word_1_196' title='bbox 782 1466 904 1504; x_wconf 85' lang='lat' dir='ltr'>pauca</span> <span class='ocrx_word' id='word_1_197' title='bbox 929 1453 1108 1491; x_wconf 88' lang='lat' dir='ltr'>dicemus.</span> <span class='ocrx_word' id='word_1_198' title='bbox 1139 1452 1269 1490; x_wconf 83' lang='lat' dir='ltr'>Pauca</span> 
     </span>
     <span class='ocr_line' id='line_1_27' title="bbox 159 1505 1267 1558; baseline 0.001 -15"><span class='ocrx_word' id='word_1_199' title='bbox 159 1505 262 1544; x_wconf 88' lang='lat' dir='ltr'>enim</span> <span class='ocrx_word' id='word_1_200' title='bbox 282 1513 383 1554; x_wconf 78' lang='lat' dir='ltr'>sunt,</span> <span class='ocrx_word' id='word_1_201' title='bbox 404 1521 490 1558; x_wconf 83' lang='lat' dir='ltr'>quae</span> <span class='ocrx_word' id='word_1_202' title='bbox 509 1521 581 1546; x_wconf 83' lang='lat' dir='ltr'>usu</span> <span class='ocrx_word' id='word_1_203' title='bbox 597 1509 680 1557; x_wconf 88' lang='lat' dir='ltr'>jam</span> <span class='ocrx_word' id='word_1_204' title='bbox 698 1515 868 1557; x_wconf 86' lang='lat' dir='ltr'>tractata,</span> <span class='ocrx_word' id='word_1_205' title='bbox 884 1514 921 1546; x_wconf 89' lang='lat' dir='ltr'>et</span> <span class='ocrx_word' id='word_1_206' title='bbox 935 1507 1062 1545; x_wconf 87' lang='lat' dir='ltr'>animo</span> <span class='ocrx_word' id='word_1_207' title='bbox 1077 1505 1186 1558; x_wconf 87' lang='lat' dir='ltr'>quasi</span> <span class='ocrx_word' id='word_1_208' title='bbox 1198 1506 1267 1544; x_wconf 86' lang='lat' dir='ltr'>ha-</span> 
     </span>
     <span class='ocr_line' id='line_1_28' title="bbox 157 1561 619 1599; baseline 0 0"><span class='ocrx_word' id='word_1_209' title='bbox 157 1562 246 1599; x_wconf 90' lang='lat' dir='ltr'>bere</span> <span class='ocrx_word' id='word_1_210' title='bbox 265 1568 393 1598; x_wconf 86' lang='lat' dir='ltr'>notata</span> <span class='ocrx_word' id='word_1_211' title='bbox 412 1561 619 1599; x_wconf 53' lang='lat' dir='ltr'>videamur.</span> 
     </span>
    </p>

    <p class='ocr_par' dir='ltr' id='par_1_4' title="bbox 154 1613 1266 2207">
     <span class='ocr_line' id='line_1_29' title="bbox 212 1613 1266 1667; baseline 0.001 -17"><span class='ocrx_word' id='word_1_212' title='bbox 212 1614 350 1651; x_wconf 83' lang='lat' dir='ltr'>XXX.</span> <span class='ocrx_word' id='word_1_213' title='bbox 381 1615 443 1652; x_wconf 90' lang='lat' dir='ltr'>Ac</span> <span class='ocrx_word' id='word_1_214' title='bbox 468 1615 537 1653; x_wconf 89' lang='lat' dir='ltr'>tibi</span> <span class='ocrx_word' id='word_1_215' title='bbox 562 1616 748 1667; x_wconf 87' lang='lat' dir='ltr'>sapienter</span> <span class='ocrx_word' id='word_1_216' title='bbox 773 1615 956 1663; x_wconf 91' lang='lat' dir='ltr'>monenti,</span> <span class='ocrx_word' id='word_1_217' title='bbox 983 1614 1032 1652; x_wconf 88' lang='lat' dir='ltr'>L.</span> <span class='ocrx_word' id='word_1_218' title='bbox 1053 1614 1199 1661; x_wconf 83' lang='lat' dir='ltr'>Crasse,</span> <span class='ocrx_word' id='word_1_219' title='bbox 1218 1613 1266 1651; x_wconf 92' lang='lat' dir='ltr'>li-</span> 
     </span>
     <span class='ocr_line' id='line_1_30' title="bbox 155 1667 1266 1721; baseline -0.003 -14"><span class='ocrx_word' id='word_1_220' title='bbox 155 1670 288 1707; x_wconf 86' lang='lat' dir='ltr'>benter</span> <span class='ocrx_word' id='word_1_221' title='bbox 306 1669 566 1719; x_wconf 87' lang='lat' dir='ltr'>assentiemur,</span> <span class='ocrx_word' id='word_1_222' title='bbox 586 1678 631 1708; x_wconf 88' lang='lat' dir='ltr'>ut</span> <span class='ocrx_word' id='word_1_223' title='bbox 649 1670 886 1721; x_wconf 89' lang='lat' dir='ltr'>singularum</span> <span class='ocrx_word' id='word_1_224' title='bbox 911 1680 1110 1707; x_wconf 88' lang='lat' dir='ltr'>causarum</span> <span class='ocrx_word' id='word_1_225' title='bbox 1137 1667 1266 1705; x_wconf 88' lang='lat' dir='ltr'>defen-</span> 
     </span>
     <span class='ocr_line' id='line_1_31' title="bbox 157 1721 1265 1775; baseline -0.002 -15"><span class='ocrx_word' id='word_1_226' title='bbox 157 1723 292 1771; x_wconf 89' lang='lat' dir='ltr'>siones,</span> <span class='ocrx_word' id='word_1_227' title='bbox 314 1736 407 1773; x_wconf 85' lang='lat' dir='ltr'>quas</span> <span class='ocrx_word' id='word_1_228' title='bbox 427 1724 548 1761; x_wconf 88' lang='lat' dir='ltr'>solent</span> <span class='ocrx_word' id='word_1_229' title='bbox 565 1724 737 1775; x_wconf 81' lang='lat' dir='ltr'>magistri</span> <span class='ocrx_word' id='word_1_230' title='bbox 754 1723 880 1774; x_wconf 88' lang='lat' dir='ltr'>pueris</span> <span class='ocrx_word' id='word_1_231' title='bbox 899 1722 1057 1770; x_wconf 83' lang='lat' dir='ltr'>tradere,</span> <span class='ocrx_word' id='word_1_232' title='bbox 1073 1721 1265 1772; x_wconf 84' lang='lat' dir='ltr'>relinqua-</span> 
     </span>
     <span class='ocr_line' id='line_1_32' title="bbox 156 1774 1266 1828; baseline -0.002 -14"><span class='ocrx_word' id='word_1_233' title='bbox 156 1788 270 1822; x_wconf 82' lang='lat' dir='ltr'>mus3</span> <span class='ocrx_word' id='word_1_234' title='bbox 301 1776 513 1828; x_wconf 86' lang='lat' dir='ltr'>aperiamus</span> <span class='ocrx_word' id='word_1_235' title='bbox 541 1786 669 1815; x_wconf 89' lang='lat' dir='ltr'>autem</span> <span class='ocrx_word' id='word_1_236' title='bbox 697 1791 740 1815; x_wconf 88' lang='lat' dir='ltr'>ea</span> <span class='ocrx_word' id='word_1_237' title='bbox 768 1777 903 1828; x_wconf 88' lang='lat' dir='ltr'>capita,</span> <span class='ocrx_word' id='word_1_238' title='bbox 938 1775 1039 1814; x_wconf 85' lang='lat' dir='ltr'>unde</span> <span class='ocrx_word' id='word_1_239' title='bbox 1066 1775 1190 1813; x_wconf 85' lang='lat' dir='ltr'>omnis</span> <span class='ocrx_word' id='word_1_240' title='bbox 1217 1774 1266 1813; x_wconf 87' lang='lat' dir='ltr'>ad</span> 
     </span>
     <span class='ocr_line' id='line_1_33' title="bbox 156 1828 1264 1880; baseline -0.004 -11"><span class='ocrx_word' id='word_1_241' title='bbox 156 1843 311 1869; x_wconf 89' lang='lat' dir='ltr'>omnem</span> <span class='ocrx_word' id='word_1_242' title='bbox 337 1838 374 1868; x_wconf 91' lang='lat' dir='ltr'>et</span> <span class='ocrx_word' id='word_1_243' title='bbox 399 1843 552 1869; x_wconf 89' lang='lat' dir='ltr'>causam</span> <span class='ocrx_word' id='word_1_244' title='bbox 577 1838 614 1869; x_wconf 90' lang='lat' dir='ltr'>et</span> <span class='ocrx_word' id='word_1_245' title='bbox 637 1832 846 1869; x_wconf 87' lang='lat' dir='ltr'>orationem</span> <span class='ocrx_word' id='word_1_246' title='bbox 871 1829 1076 1880; x_wconf 89' lang='lat' dir='ltr'>disputatio</span> <span class='ocrx_word' id='word_1_247' title='bbox 1100 1828 1264 1866; x_wconf 90' lang='lat' dir='ltr'>ducitur</span> 
     </span>
     <span class='ocr_line' id='line_1_34' title="bbox 157 1882 1265 1936; baseline -0.004 -13"><span class='ocrx_word' id='word_1_248' title='bbox 157 1885 298 1936; x_wconf 88' lang='lat' dir='ltr'>Neque</span> <span class='ocrx_word' id='word_1_249' title='bbox 317 1884 433 1933; x_wconf 89' lang='lat' dir='ltr'>enim,</span> <span class='ocrx_word' id='word_1_250' title='bbox 450 1885 596 1936; x_wconf 87' lang='lat' dir='ltr'>quoties</span> <span class='ocrx_word' id='word_1_251' title='bbox 610 1887 768 1923; x_wconf 88' lang='lat' dir='ltr'>verbum</span> <span class='ocrx_word' id='word_1_252' title='bbox 782 1884 937 1936; x_wconf 65' lang='lat' dir='ltr'>aliquod</span> <span class='ocrx_word' id='word_1_253' title='bbox 955 1891 1010 1921; x_wconf 90' lang='lat' dir='ltr'>est</span> <span class='ocrx_word' id='word_1_254' title='bbox 1023 1882 1265 1920; x_wconf 88' lang='lat' dir='ltr'>scribendum</span> 
     </span>
     <span class='ocr_line' id='line_1_35' title="bbox 156 1936 1265 1988; baseline -0.003 -12"><span class='ocrx_word' id='word_1_255' title='bbox 156 1939 279 1987; x_wconf 90' lang='lat' dir='ltr'>nobis,</span> <span class='ocrx_word' id='word_1_256' title='bbox 300 1938 407 1976; x_wconf 89' lang='lat' dir='ltr'>toties</span> <span class='ocrx_word' id='word_1_257' title='bbox 423 1939 503 1988; x_wconf 90' lang='lat' dir='ltr'>ejus</span> <span class='ocrx_word' id='word_1_258' title='bbox 518 1939 622 1978; x_wconf 88' lang='lat' dir='ltr'>verbi</span> <span class='ocrx_word' id='word_1_259' title='bbox 635 1939 753 1977; x_wconf 89' lang='lat' dir='ltr'>literae</span> <span class='ocrx_word' id='word_1_260' title='bbox 767 1946 856 1976; x_wconf 87' lang='lat' dir='ltr'>sunt</span> <span class='ocrx_word' id='word_1_261' title='bbox 869 1937 1093 1988; x_wconf 87' lang='lat' dir='ltr'>cogitatione</span> <span class='ocrx_word' id='word_1_262' title='bbox 1108 1936 1265 1988; x_wconf 88' lang='lat' dir='ltr'>conqui-</span> 
     </span>
     <span class='ocr_line' id='line_1_36' title="bbox 156 1990 1264 2044; baseline -0.003 -14"><span class='ocrx_word' id='word_1_263' title='bbox 156 1993 309 2038; x_wconf 81' lang='lat' dir='ltr'>rendae3</span> <span class='ocrx_word' id='word_1_264' title='bbox 340 2005 408 2031; x_wconf 92' lang='lat' dir='ltr'>nec</span> <span class='ocrx_word' id='word_1_265' title='bbox 427 1993 573 2044; x_wconf 86' lang='lat' dir='ltr'>quoties</span> <span class='ocrx_word' id='word_1_266' title='bbox 592 2006 704 2031; x_wconf 88' lang='lat' dir='ltr'>causa</span> <span class='ocrx_word' id='word_1_267' title='bbox 722 1992 880 2030; x_wconf 86' lang='lat' dir='ltr'>dicenda</span> <span class='ocrx_word' id='word_1_268' title='bbox 898 1999 967 2039; x_wconf 90' lang='lat' dir='ltr'>est,</span> <span class='ocrx_word' id='word_1_269' title='bbox 988 1990 1096 2028; x_wconf 88' lang='lat' dir='ltr'>toties</span> <span class='ocrx_word' id='word_1_270' title='bbox 1115 1990 1164 2028; x_wconf 88' lang='lat' dir='ltr'>ad</span> <span class='ocrx_word' id='word_1_271' title='bbox 1183 1990 1264 2039; x_wconf 90' lang='lat' dir='ltr'>ejus</span> 
     </span>
     <span class='ocr_line' id='line_1_37' title="bbox 154 2043 1265 2098; baseline -0.004 -13"><span class='ocrx_word' id='word_1_272' title='bbox 154 2060 277 2085; x_wconf 88' lang='lat' dir='ltr'>causae</span> <span class='ocrx_word' id='word_1_273' title='bbox 304 2047 465 2098; x_wconf 84' lang='lat' dir='ltr'>seposita</span> <span class='ocrx_word' id='word_1_274' title='bbox 491 2055 716 2098; x_wconf 85' lang='lat' dir='ltr'>argumenta</span> <span class='ocrx_word' id='word_1_275' title='bbox 739 2046 880 2084; x_wconf 89' lang='lat' dir='ltr'>revolvi</span> <span class='ocrx_word' id='word_1_276' title='bbox 903 2058 971 2083; x_wconf 89' lang='lat' dir='ltr'>nos</span> <span class='ocrx_word' id='word_1_277' title='bbox 999 2051 1168 2096; x_wconf 88' lang='lat' dir='ltr'>oportet:</span> <span class='ocrx_word' id='word_1_278' title='bbox 1198 2043 1265 2082; x_wconf 89' lang='lat' dir='ltr'>sed</span> 
     </span>
     <span class='ocr_line' id='line_1_38' title="bbox 155 2097 1264 2152; baseline -0.003 -14"><span class='ocrx_word' id='word_1_279' title='bbox 155 2100 294 2139; x_wconf 87' lang='lat' dir='ltr'>habere</span> <span class='ocrx_word' id='word_1_280' title='bbox 313 2109 430 2139; x_wconf 88' lang='lat' dir='ltr'>certos</span> <span class='ocrx_word' id='word_1_281' title='bbox 444 2101 558 2150; x_wconf 89' lang='lat' dir='ltr'>locos,</span> <span class='ocrx_word' id='word_1_282' title='bbox 574 2101 655 2152; x_wconf 90' lang='lat' dir='ltr'>qui,</span> <span class='ocrx_word' id='word_1_283' title='bbox 671 2110 716 2139; x_wconf 91' lang='lat' dir='ltr'>ut</span> <span class='ocrx_word' id='word_1_284' title='bbox 732 2100 850 2139; x_wconf 87' lang='lat' dir='ltr'>literae</span> <span class='ocrx_word' id='word_1_285' title='bbox 864 2099 913 2137; x_wconf 84' lang='lat' dir='ltr'>ad</span> <span class='ocrx_word' id='word_1_286' title='bbox 926 2101 1087 2138; x_wconf 84' lang='lat' dir='ltr'>verbum</span> <span class='ocrx_word' id='word_1_287' title='bbox 1099 2097 1264 2136; x_wconf 85' lang='lat' dir='ltr'>scriben-</span> 
     </span>
     <span class='ocr_line' id='line_1_39' title="bbox 156 2152 1261 2207; baseline -0.003 -14"><span class='ocrx_word' id='word_1_288' title='bbox 156 2154 266 2206; x_wconf 88' lang='lat' dir='ltr'>dum,</span> <span class='ocrx_word' id='word_1_289' title='bbox 286 2155 338 2194; x_wconf 87' lang='lat' dir='ltr'>sic</span> <span class='ocrx_word' id='word_1_290' title='bbox 362 2155 419 2194; x_wconf 82' lang='lat' dir='ltr'>illi</span> <span class='ocrx_word' id='word_1_291' title='bbox 443 2155 492 2194; x_wconf 88' lang='lat' dir='ltr'>ad</span> <span class='ocrx_word' id='word_1_292' title='bbox 510 2168 662 2195; x_wconf 86' lang='lat' dir='ltr'>causam</span> <span class='ocrx_word' id='word_1_293' title='bbox 681 2154 960 2207; x_wconf 82' lang='lat' dir='ltr'>explicandam,</span> <span class='ocrx_word' id='word_1_294' title='bbox 988 2152 1116 2192; x_wconf 83' lang='lat' dir='ltr'>statim</span> <span class='ocrx_word' id='word_1_295' title='bbox 1133 2163 1261 2197; x_wconf 81' lang='lat' dir='ltr'>occur-</span> 
     </span>
    </p>
   </div>
  </div>
 </body>
</html>
