1407 2308
254 73 329 114 DE
358 74 779 126 ORATORE,L113.
801 75 834 113 1.
864 74 967 113 CAP.
988 73 1053 111 34.
1131 71 1206 108 159

108 180 139 219 si
153 180 248 230 aliis,
267 182 381 221 etiam
395 185 535 232 obesse,
555 196 643 223 cum
663 183 790 221 minus
807 181 949 220 idoneis
963 179 1021 218 uti
1034 189 1207 218 consues-

109 246 241 272 cerem.
278 235 413 274 Postea
429 237 525 275 mihi
542 237 698 288 placuit,
718 249 836 287 eoque
855 248 940 274 sum
958 246 1048 271 usus
1067 231 1210 269 adoles-

108 299 207 335 cens,
227 295 272 326 ut
289 302 526 328 summorum
550 298 741 329 oratorum
768 291 918 327 Graecas
942 286 1125 326 orationes
1143 296 1209 321 ex·-

108 341 312 392 plicarem3
333 343 471 395 quibus
488 345 607 390 lectis,
626 345 697 381 hoc
715 344 950 394 assequebar,
970 347 1028 388 ut,
1048 351 1136 377 cum
1151 349 1209 383 ea,

107 407 194 445 quae
221 395 384 445 legerem
415 397 558 446 Graece,
591 398 727 435 Latine
750 396 957 441 redderem,
984 405 1060 431 non
1086 391 1210 429 solum

109 448 262 498 optimis
292 450 412 489 verbis
440 458 576 498 uterer,
608 458 645 488 et
669 458 796 488 tamen
822 449 980 494 usitatis,
1007 445 1072 484 sed
1096 445 1210 482 etiam

110 501 358 552 exprimerem
377 504 553 555 quaedam
567 506 680 542 verba
693 503 890 551 imitando,
910 514 995 552 quae
1009 511 1106 537 nova
1124 509 1210 534 nos-

111 554 177 592 tris
203 564 336 604 essent,
363 557 571 596 dummodo
596 565 717 595 essent
739 557 884 594 idonea.
931 555 1026 592 Jam
1051 551 1150 590 vocis
1176 556 1213 586 et

111 607 275 668 3111111113,
296 616 333 647 31
351 611 464 648 1011113
483 611 658 661 corporis,
679 617 716 648 et
733 610 850 660 ipsius
864 609 1018 658 linguae,
1034 612 1160 642 motus
1175 608 1213 639 et

112 661 404 722 exercitationes,
424 677 500 702 non
519 671 598 701 tam
613 664 702 701 artis
715 663 898 713 indigent,
920 673 1035 711 quam
1050 656 1213 696 laboris·
1199 683 1214 700 ‚

113 713 253 774 quibus
276 715 317 752 in
340 718 451 755 rebus
475 717 649 755 habenda
678 724 732 754 est
758 716 851 753 ratio
881 714 1090 763 diligenter,
1120 722 1216 761 quos

113 766 320 816 imitemur,
349 783 513 820 quorum
544 770 683 807 similes
714 769 874 807 velimus
901 779 989 805 esse.
1033 762 1215 803 Intuendi

114 820 222 858 nobis
241 829 328 859 sunt
345 835 420 860 non
440 824 563 860 solum
581 830 757 869 oratores,
778 822 841 859 sed
860 820 973 858 etiam
992 826 1146 864 3310133,
1167 828 1216 853 113

115 874 219 911 mala
242 876 508 913 consuetudine
525 875 574 913 ad
599 875 766 925 aliquam
791 873 1068 912 deformitatem
1091 869 1218 921 pravi-

116 933 308 978 tatemque
325 929 530 966 veniamus.
565 928 789 966 Exercenda
807 933 860 964 est
879 927 993 964 etiam
1017 922 1216 969 memoria,

115 979 320 1018 ediscendis
334 981 382 1019 ad
396 984 554 1020 verbum
572 994 689 1033 (1113111
707 980 881 1041 plurimis
896 987 931 1017 et
949 978 1083 1016 nostris
1102 975 1216 1026 scrip-

115 1033 163 1070 tis
181 1040 218 1071 et
236 1034 378 1073 alienis.
423 1036 570 1086 Atque,
598 1035 639 1072 in
659 1048 703 1072 33
721 1033 997 1099 exercitatione,
1026 1043 1103 1068 non
1129 1041 1217 1067 sane

112 1086 211 1125 mihi
228 1087 398 1139 displicet
416 1089 606 1137 adhibere,
627 1088 657 1126 si
676 1087 877 1135 consueris,
898 1086 1012 1124 etiam
1029 1085 1142 1122 istam
1160 1082 1217 1119 lo-

112 1151 246 1178 corum
273 1141 635 1193 simulacrorumque
658 1141 855 1189 rationem,
883 1153 969 1191 quae
987 1139 1027 1175 in
1046 1144 1124 1175 arte
1142 1142 1219 1173 tra-

113 1192 228 1232 ditur.
267 1194 477 1233 Educenda
493 1195 628 1233 deinde
646 1194 758 1233 dictio
774 1201 842 1242 est,
863 1206 910 1231 ex
927 1193 998 1230 hac
1012 1188 1217 1229 domestica

114 1247 376 1287 exercitatione
407 1256 444 1287 et
474 1248 685 1295 umbratili,
718 1247 888 1285 medium
920 1246 960 1283 in
992 1256 1153 1305 agmen,
1176 1242 1218 1279 in

112 1300 322 1350 pulverem,
351 1302 392 1340 in
420 1302 637 1350 clamorem,
668 1301 708 1339 in
736 1308 869 1349 castra,
896 1306 1010 1350 atque
1034 1298 1073 1334 in
1099 1295 1218 1334 aciem

112 1352 321 1393 forensem·
351 1355 570 1393 subeundus
588 1368 678 1393 usus
698 1354 885 1401 omnium,
907 1360 943 1390 et
961 1348 1218 1412 periclitandae

112 1406 207 1444 vires
225 1407 393 1458 ingenii;
414 1416 451 1446 et
468 1409 535 1446 illa
552 1407 819 1445 commentatio
836 1405 1004 1444 inclusa
994 1417 1034 1442 111
1054 1401 1218 1442 veritatis

111 1459 236 1498 lucem
250 1461 472 1511 proferenda
490 1468 555 1499 est.
586 1461 756 1511 Legendi
775 1460 889 1498 etiam
906 1462 1041 1519 poe'tae,
1063 1458 1232 1517 cognos-‘

112 1512 230 1551 cenda
253 1514 420 1562 historia,
448 1515 621 1553 omnium
647 1516 833 1553 bonarum
858 1512 997 1551 artium
1023 1510 1219 1560 scriptores

111 1579 156 1604 ac
179 1567 345 1606 doctores
370 1575 407 1606 et
432 1568 581 1618 legendi
606 1575 643 1606 et
667 1565 944 1618 pervolutandi,
973 1572 1010 1603 et
1040 1563 1219 1602 exercita-

112 1619 224 1658 tionis
249 1621 362 1659 causa
385 1621 580 1669 laudandi,
610 1620 893 1672 interpretandi,
921 1616 1143 1668 corrigendi,
1163 1616 1219 1653 vi-

112 1674 326 1733 tuperandi,
355 1674 575 1720 refellendi;
604 1674 953 1733 disputandumque
977 1671 1025 1709 de
1048 1670 1155 1708 omni
1178 1682 1219 1707 re

110 1725 152 1764 in
170 1728 372 1766 contrarias
390 1735 539 1778 partes;
570 1735 620 1776 et,
641 1727 829 1779 quidquid
847 1727 916 1764 erit
934 1726 974 1762 in
993 1724 1146 1775 (1113(1113
1163 1735 1219 1770 13,

111 1781 214 1830 (111οᾱ
233 1780 428 1832 probabile
446 1781 564 1819 videri
577 1781 706 1832 possit,
723 1780 949 1818 eliciendum
964 1786 1077 1828 atque
1092 1777 1219 1814 dicen-

112 1833 218 1871 dum.
275 1834 601 1872 Perdiscendum'
587 1848 650 1883 Jus
669 1834 790 1881 civile,
818 1831 1083 1883 cognoscendae
1101 1831 1217 1879 leges,

111 1886 350 1938 percipienda
366 1887 490 1925 omnis
516 1888 736 1949 antiquitas,
763 1886 947 1925 senatoria
973 1882 1218 1928 consuetudo,

113 1939 312 1991 disciplina
339 1940 569 2002 reipublicae,
596 1942 684 1990 jura
715 1941 913 1986 sociorum,
947 1938 1098 1983 foedera,
1131 1947 1220 1994 pac-

113 1993 246 2042 tiones,
261 2006 374 2031 causa
387 1993 537 2045 imperii
551 1993 806 2044 cognoscenda
819 2000 897 2031 est:
914 1990 1090 2029 libandus
1105 1989 1220 2025 etiam
1244 2034 1246 2037 v

115 2058 163 2083 ex
180 2047 287 2085 omni
303 2058 439 2097 genere
453 2047 676 2085 urbanitatis
693 2046 915 2084 facetiarum
931 2043 1087 2095 quidam
1101 2042 1219 2091 lepos,

115 2112 205 2149 quo,
225 2106 423 2150 tamquam
442 2100 533 2148 sale,
552 2107 815 2151 perspergatur
833 2098 956 2136 omnis
975 2096 1104 2134 oratio.
1151 2093 1222 2130 Ef-

117 2152 199 2192 fudi
235 2152 340 2193 vobis
374 2152 518 2201 omnia,
551 2167 637 2204 quae
667 2152 898 2192 sentiebam·
888 2179 899 2199 ‚
935 2163 1020 2201 quae
1052 2148 1220 2196 fortasse,
