<?xml version="1.0" encoding="UTF-8"?>
<!DOCTYPE html PUBLIC "-//W3C//DTD XHTML 1.0 Transitional//EN"
    "http://www.w3.org/TR/xhtml1/DTD/xhtml1-transitional.dtd">
<html xmlns="http://www.w3.org/1999/xhtml" xml:lang="en" lang="en">
 <head>
  <title>
</title>
<meta http-equiv="Content-Type" content="text/html;charset=utf-8" />
  <meta name='ocr-system' content='tesseract 3.04.00' />
  <meta name='ocr-capabilities' content='ocr_page ocr_carea ocr_par ocr_line ocrx_word'/>
</head>
<body>
  <div class='ocr_page' id='page_1' title='image "./operaern01ciceuoft_0122.png"; bbox 0 0 1429 2344; ppageno 0'>
   <div class='ocr_carea' id='block_1_1' title="bbox 124 53 1118 105">
    <p class='ocr_par' dir='ltr' id='par_1_1' title="bbox 124 53 1118 105">
     <span class='ocr_line' id='line_1_1' title="bbox 124 53 1118 105; baseline -0.007 -9"><span class='ocrx_word' id='word_1_1' title='bbox 124 61 199 98; x_wconf 78' lang='lat'>104</span> <span class='ocrx_word' id='word_1_2' title='bbox 229 58 305 97; x_wconf 89' lang='lat' dir='ltr'>DE</span> <span class='ocrx_word' id='word_1_3' title='bbox 327 56 715 105; x_wconf 89' lang='lat' dir='ltr'>INVENTIONE,</span> <span class='ocrx_word' id='word_1_4' title='bbox 738 56 835 94; x_wconf 78' lang='lat' dir='ltr'>Lm.</span> <span class='ocrx_word' id='word_1_5' title='bbox 854 53 911 92; x_wconf 91' lang='grc' dir='ltr'>ΙΙ.</span> <span class='ocrx_word' id='word_1_6' title='bbox 933 54 1037 92; x_wconf 79' lang='lat' dir='ltr'>CAP.</span> <span class='ocrx_word' id='word_1_7' title='bbox 1054 53 1118 90; x_wconf 78' lang='lat'>43.</span> 
     </span>
    </p>
   </div>
   <div class='ocr_carea' id='block_1_2' title="bbox 86 160 1271 2198">
    <p class='ocr_par' dir='ltr' id='par_1_2' title="bbox 86 160 1257 910">
     <span class='ocr_line' id='line_1_2' title="bbox 130 160 1239 217; baseline -0.005 -13"><span class='ocrx_word' id='word_1_8' title='bbox 130 166 445 217; x_wconf 74' lang='lat' dir='ltr'>opprimerentur,</span> <span class='ocrx_word' id='word_1_9' title='bbox 480 166 511 204; x_wconf 86' lang='lat' dir='ltr'>si</span> <span class='ocrx_word' id='word_1_10' title='bbox 542 165 633 202; x_wconf 83' lang='lat' dir='ltr'>foris</span> <span class='ocrx_word' id='word_1_11' title='bbox 665 170 800 210; x_wconf 80' lang='lat' dir='ltr'><strong>essent,</strong></span> <span class='ocrx_word' id='word_1_12' title='bbox 834 160 937 213; x_wconf 87' lang='lat' dir='ltr'>quod</span> <span class='ocrx_word' id='word_1_13' title='bbox 965 172 1082 212; x_wconf 88' lang='lat' dir='ltr'><strong>prope</strong></span> <span class='ocrx_word' id='word_1_14' title='bbox 1108 171 1239 198; x_wconf 88' lang='lat' dir='ltr'>muros</span> 
     </span>
     <span class='ocr_line' id='line_1_3' title="bbox 130 213 1239 263; baseline -0.007 -6"><span class='ocrx_word' id='word_1_15' title='bbox 130 220 255 257; x_wconf 82' lang='lat' dir='ltr'>hostes</span> <span class='ocrx_word' id='word_1_16' title='bbox 278 227 397 257; x_wconf 79' lang='lat' dir='ltr'>castra</span> <span class='ocrx_word' id='word_1_17' title='bbox 422 219 628 263; x_wconf 87' lang='lat' dir='ltr'>haberent;</span> <span class='ocrx_word' id='word_1_18' title='bbox 659 224 743 254; x_wconf 90' lang='lat' dir='ltr'>tum</span> <span class='ocrx_word' id='word_1_19' title='bbox 768 215 899 254; x_wconf 87' lang='lat' dir='ltr'>relatio</span> <span class='ocrx_word' id='word_1_20' title='bbox 926 213 1107 260; x_wconf 84' lang='lat' dir='ltr'>criminis,</span> <span class='ocrx_word' id='word_1_21' title='bbox 1137 220 1182 250; x_wconf 87' lang='lat' dir='ltr'>ut</span> <span class='ocrx_word' id='word_1_22' title='bbox 1199 213 1239 250; x_wconf 90' lang='lat' dir='ltr'>in</span> 
     </span>
     <span class='ocr_line' id='line_1_4' title="bbox 132 266 1241 323; baseline -0.006 -13"><span class='ocrx_word' id='word_1_23' title='bbox 132 285 176 310; x_wconf 93' lang='lat' dir='ltr'>eo</span> <span class='ocrx_word' id='word_1_24' title='bbox 200 273 336 320; x_wconf 79' lang='lat' dir='ltr'>milite,</span> <span class='ocrx_word' id='word_1_25' title='bbox 370 272 450 323; x_wconf 87' lang='lat' dir='ltr'>qui,</span> <span class='ocrx_word' id='word_1_26' title='bbox 479 284 568 309; x_wconf 87' lang='lat' dir='ltr'>cum</span> <span class='ocrx_word' id='word_1_27' title='bbox 597 270 810 309; x_wconf 88' lang='lat' dir='ltr'>communis</span> <span class='ocrx_word' id='word_1_28' title='bbox 836 269 901 307; x_wconf 79' lang='lat' dir='ltr'>lex</span> <span class='ocrx_word' id='word_1_29' title='bbox 928 266 1143 318; x_wconf 87' lang='lat' dir='ltr'>[omnium]</span> <span class='ocrx_word' id='word_1_30' title='bbox 1171 266 1241 304; x_wconf 93' lang='lat' dir='ltr'>ho-</span> 
     </span>
     <span class='ocr_line' id='line_1_5' title="bbox 133 320 1242 372; baseline -0.006 -9"><span class='ocrx_word' id='word_1_31' title='bbox 133 327 279 363; x_wconf 83' lang='lat' dir='ltr'>minem</span> <span class='ocrx_word' id='word_1_32' title='bbox 297 325 462 363; x_wconf 84' lang='lat' dir='ltr'>occidere</span> <span class='ocrx_word' id='word_1_33' title='bbox 481 332 635 372; x_wconf 87' lang='lat' dir='ltr'>vetaret,</span> <span class='ocrx_word' id='word_1_34' title='bbox 663 324 862 362; x_wconf 89' lang='lat' dir='ltr'>tribunum</span> <span class='ocrx_word' id='word_1_35' title='bbox 882 320 1092 372; x_wconf 89' lang='lat' dir='ltr'>[militum]</span> <span class='ocrx_word' id='word_1_36' title='bbox 1113 332 1242 367; x_wconf 87' lang='lat' dir='ltr'>suum,</span> 
     </span>
     <span class='ocr_line' id='line_1_6' title="bbox 136 372 1246 430; baseline -0.005 -14"><span class='ocrx_word' id='word_1_37' title='bbox 136 379 204 430; x_wconf 88' lang='lat' dir='ltr'>qui</span> <span class='ocrx_word' id='word_1_38' title='bbox 223 379 301 416; x_wconf 81' lang='lat' dir='ltr'>vim</span> <span class='ocrx_word' id='word_1_39' title='bbox 321 379 392 416; x_wconf 90' lang='lat' dir='ltr'>sibi</span> <span class='ocrx_word' id='word_1_40' title='bbox 410 378 542 416; x_wconf 88' lang='lat' dir='ltr'>afferre</span> <span class='ocrx_word' id='word_1_41' title='bbox 559 384 769 425; x_wconf 80' lang='lat' dir='ltr'>conaretur,</span> <span class='ocrx_word' id='word_1_42' title='bbox 790 375 948 420; x_wconf 80' lang='lat' dir='ltr'>occidit3</span> <span class='ocrx_word' id='word_1_43' title='bbox 977 381 1063 411; x_wconf 85' lang='lat' dir='ltr'>tum</span> <span class='ocrx_word' id='word_1_44' title='bbox 1087 372 1246 411; x_wconf 84' lang='lat' dir='ltr'>remotio</span> 
     </span>
     <span class='ocr_line' id='line_1_7' title="bbox 137 426 1246 483; baseline -0.005 -14"><span class='ocrx_word' id='word_1_45' title='bbox 137 432 319 479; x_wconf 79' lang='lat' dir='ltr'>criminis,</span> <span class='ocrx_word' id='word_1_46' title='bbox 347 439 392 469; x_wconf 84' lang='lat' dir='ltr'>ut</span> <span class='ocrx_word' id='word_1_47' title='bbox 417 432 457 468; x_wconf 93' lang='lat' dir='ltr'>in</span> <span class='ocrx_word' id='word_1_48' title='bbox 484 444 541 479; x_wconf 87' lang='lat' dir='ltr'>eo,</span> <span class='ocrx_word' id='word_1_49' title='bbox 568 431 637 483; x_wconf 90' lang='lat' dir='ltr'>qui</span> <span class='ocrx_word' id='word_1_50' title='bbox 662 444 751 469; x_wconf 90' lang='lat' dir='ltr'>cum</span> <span class='ocrx_word' id='word_1_51' title='bbox 776 430 853 477; x_wconf 84' lang='lat' dir='ltr'>lex,</span> <span class='ocrx_word' id='word_1_52' title='bbox 881 428 1020 480; x_wconf 90' lang='lat' dir='ltr'>quibus</span> <span class='ocrx_word' id='word_1_53' title='bbox 1045 427 1178 465; x_wconf 77' lang='lat' dir='ltr'>diebus</span> <span class='ocrx_word' id='word_1_54' title='bbox 1205 426 1246 463; x_wconf 93' lang='lat' dir='ltr'>in</span> 
     </span>
     <span class='ocr_line' id='line_1_8' title="bbox 138 480 1249 535; baseline -0.005 -13"><span class='ocrx_word' id='word_1_55' title='bbox 138 485 367 535; x_wconf 79' lang='lat' dir='ltr'>legationem</span> <span class='ocrx_word' id='word_1_56' title='bbox 394 485 703 535; x_wconf 88' lang='lat' dir='ltr'>proficisceretur,</span> <span class='ocrx_word' id='word_1_57' title='bbox 731 483 995 534; x_wconf 86' lang='lat' dir='ltr'>praestituerat,</span> <span class='ocrx_word' id='word_1_58' title='bbox 1025 480 1115 532; x_wconf 90' lang='lat' dir='ltr'>quia</span> <span class='ocrx_word' id='word_1_59' title='bbox 1144 493 1249 518; x_wconf 89' lang='lat' dir='ltr'>sum-</span> 
     </span>
     <span class='ocr_line' id='line_1_9' title="bbox 141 537 1251 589; baseline -0.005 -14"><span class='ocrx_word' id='word_1_60' title='bbox 141 546 225 576; x_wconf 87' lang='lat' dir='ltr'>tum</span> <span class='ocrx_word' id='word_1_61' title='bbox 241 545 403 589; x_wconf 87' lang='lat' dir='ltr'>quaestor</span> <span class='ocrx_word' id='word_1_62' title='bbox 421 550 499 576; x_wconf 93' lang='lat' dir='ltr'>non</span> <span class='ocrx_word' id='word_1_63' title='bbox 518 538 635 587; x_wconf 81' lang='lat' dir='ltr'>dedit,</span> <span class='ocrx_word' id='word_1_64' title='bbox 654 537 844 589; x_wconf 83' lang='lat' dir='ltr'>profectus</span> <span class='ocrx_word' id='word_1_65' title='bbox 862 548 939 573; x_wconf 91' lang='lat' dir='ltr'>non</span> <span class='ocrx_word' id='word_1_66' title='bbox 958 542 1037 580; x_wconf 78' lang='lat' dir='ltr'>est3</span> <span class='ocrx_word' id='word_1_67' title='bbox 1059 541 1143 571; x_wconf 89' lang='lat' dir='ltr'>tum</span> <span class='ocrx_word' id='word_1_68' title='bbox 1162 546 1251 571; x_wconf 87' lang='lat' dir='ltr'>con-</span> 
     </span>
     <span class='ocr_line' id='line_1_10' title="bbox 142 587 1253 642; baseline -0.006 -12"><span class='ocrx_word' id='word_1_69' title='bbox 142 592 256 630; x_wconf 84' lang='lat' dir='ltr'>cessio</span> <span class='ocrx_word' id='word_1_70' title='bbox 275 605 342 642; x_wconf 89' lang='lat' dir='ltr'>per</span> <span class='ocrx_word' id='word_1_71' title='bbox 359 591 639 642; x_wconf 73' lang='lat' dir='ltr'>purgationem,</span> <span class='ocrx_word' id='word_1_72' title='bbox 667 599 704 629; x_wconf 92' lang='lat' dir='ltr'>et</span> <span class='ocrx_word' id='word_1_73' title='bbox 727 604 795 641; x_wconf 90' lang='lat' dir='ltr'>per</span> <span class='ocrx_word' id='word_1_74' title='bbox 818 587 1131 640; x_wconf 85' lang='lat' dir='ltr'>imprudentiam,</span> <span class='ocrx_word' id='word_1_75' title='bbox 1151 594 1195 624; x_wconf 94' lang='lat' dir='ltr'>ut</span> <span class='ocrx_word' id='word_1_76' title='bbox 1213 587 1253 624; x_wconf 87' lang='lat' dir='ltr'>in</span> 
     </span>
     <span class='ocr_line' id='line_1_11' title="bbox 86 641 1252 699; baseline -0.005 -16"><span class='ocrx_word' id='word_1_77' title='bbox 86 691 93 699; x_wconf 31' lang='grc' dir='ltr'><strong>Α</strong></span> <span class='ocrx_word' id='word_1_78' title='bbox 142 645 254 683; x_wconf 79' lang='lat' dir='ltr'>vitufi</span> <span class='ocrx_word' id='word_1_79' title='bbox 272 645 556 690; x_wconf 86' lang='lat' dir='ltr'>immolatione;</span> <span class='ocrx_word' id='word_1_80' title='bbox 588 652 624 683; x_wconf 93' lang='lat' dir='ltr'>et</span> <span class='ocrx_word' id='word_1_81' title='bbox 641 658 709 695; x_wconf 91' lang='lat' dir='ltr'>per</span> <span class='ocrx_word' id='word_1_82' title='bbox 727 644 820 692; x_wconf 86' lang='lat' dir='ltr'>vim,</span> <span class='ocrx_word' id='word_1_83' title='bbox 840 651 886 681; x_wconf 92' lang='lat' dir='ltr'>ut</span> <span class='ocrx_word' id='word_1_84' title='bbox 902 643 944 680; x_wconf 90' lang='lat' dir='ltr'>in</span> <span class='ocrx_word' id='word_1_85' title='bbox 961 641 1050 679; x_wconf 85' lang='lat' dir='ltr'>navi</span> <span class='ocrx_word' id='word_1_86' title='bbox 1067 641 1252 685; x_wconf 40' lang='lat' dir='ltr'>roserat&amp;</span> 
     </span>
     <span class='ocr_line' id='line_1_12' title="bbox 144 694 1254 749; baseline -0.005 -13"><span class='ocrx_word' id='word_1_87' title='bbox 144 706 182 736; x_wconf 86' lang='lat' dir='ltr'>et</span> <span class='ocrx_word' id='word_1_88' title='bbox 206 711 273 749; x_wconf 90' lang='lat' dir='ltr'>per</span> <span class='ocrx_word' id='word_1_89' title='bbox 297 711 442 747; x_wconf 86' lang='lat' dir='ltr'>casum,</span> <span class='ocrx_word' id='word_1_90' title='bbox 469 705 514 736; x_wconf 90' lang='lat' dir='ltr'>ut</span> <span class='ocrx_word' id='word_1_91' title='bbox 537 698 578 736; x_wconf 88' lang='lat' dir='ltr'>in</span> <span class='ocrx_word' id='word_1_92' title='bbox 603 698 761 736; x_wconf 84' lang='lat' dir='ltr'>Eurotae</span> <span class='ocrx_word' id='word_1_93' title='bbox 784 696 954 735; x_wconf 88' lang='lat' dir='ltr'>fluminis</span> <span class='ocrx_word' id='word_1_94' title='bbox 978 694 1254 745; x_wconf 85' lang='lat' dir='ltr'>magnitudine.</span> 
     </span>
     <span class='ocr_line' id='line_1_13' title="bbox 145 747 1257 799; baseline -0.005 -9"><span class='ocrx_word' id='word_1_95' title='bbox 145 752 277 798; x_wconf 80' lang='lat' dir='ltr'>Quare</span> <span class='ocrx_word' id='word_1_96' title='bbox 290 759 358 790; x_wconf 87' lang='lat' dir='ltr'>aut</span> <span class='ocrx_word' id='word_1_97' title='bbox 374 753 429 790; x_wconf 85' lang='lat' dir='ltr'>ita</span> <span class='ocrx_word' id='word_1_98' title='bbox 447 752 630 790; x_wconf 88' lang='lat' dir='ltr'>sententia</span> <span class='ocrx_word' id='word_1_99' title='bbox 644 751 858 799; x_wconf 84' lang='lat' dir='ltr'>inducetur,</span> <span class='ocrx_word' id='word_1_100' title='bbox 877 758 922 788; x_wconf 90' lang='lat' dir='ltr'>ut</span> <span class='ocrx_word' id='word_1_101' title='bbox 934 762 1058 787; x_wconf 90' lang='lat' dir='ltr'>unum</span> <span class='ocrx_word' id='word_1_102' title='bbox 1072 747 1257 799; x_wconf 86' lang='lat' dir='ltr'>quiddam</span> 
     </span>
     <span class='ocr_line' id='line_1_14' title="bbox 146 801 1256 856; baseline -0.004 -14"><span class='ocrx_word' id='word_1_103' title='bbox 146 805 308 843; x_wconf 88' lang='lat' dir='ltr'>voluisse</span> <span class='ocrx_word' id='word_1_104' title='bbox 327 806 483 856; x_wconf 81' lang='lat' dir='ltr'>scriptor</span> <span class='ocrx_word' id='word_1_105' title='bbox 502 805 805 850; x_wconf 80' lang='lat' dir='ltr'>demonstretur3</span> <span class='ocrx_word' id='word_1_106' title='bbox 835 811 902 842; x_wconf 93' lang='lat' dir='ltr'>aut</span> <span class='ocrx_word' id='word_1_107' title='bbox 927 803 993 852; x_wconf 90' lang='lat' dir='ltr'>sic,</span> <span class='ocrx_word' id='word_1_108' title='bbox 1019 809 1077 850; x_wconf 86' lang='lat' dir='ltr'>ut,</span> <span class='ocrx_word' id='word_1_109' title='bbox 1097 801 1138 839; x_wconf 89' lang='lat' dir='ltr'>in</span> <span class='ocrx_word' id='word_1_110' title='bbox 1157 802 1256 851; x_wconf 88' lang='lat' dir='ltr'>ejus-</span> 
     </span>
     <span class='ocr_line' id='line_1_15' title="bbox 146 858 1044 910; baseline -0.002 -15"><span class='ocrx_word' id='word_1_111' title='bbox 146 858 251 896; x_wconf 86' lang='lat' dir='ltr'>modi</span> <span class='ocrx_word' id='word_1_112' title='bbox 270 872 310 897; x_wconf 92' lang='lat' dir='ltr'>re</span> <span class='ocrx_word' id='word_1_113' title='bbox 329 867 366 898; x_wconf 91' lang='lat' dir='ltr'>et</span> <span class='ocrx_word' id='word_1_114' title='bbox 384 867 566 910; x_wconf 89' lang='lat' dir='ltr'>tempore,</span> <span class='ocrx_word' id='word_1_115' title='bbox 585 859 657 898; x_wconf 91' lang='lat' dir='ltr'>hoc</span> <span class='ocrx_word' id='word_1_116' title='bbox 676 859 837 897; x_wconf 88' lang='lat' dir='ltr'>voluisse</span> <span class='ocrx_word' id='word_1_117' title='bbox 855 858 1044 895; x_wconf 85' lang='lat' dir='ltr'>doceatur.</span> 
     </span>
    </p>

    <p class='ocr_par' dir='ltr' id='par_1_3' title="bbox 150 908 1271 2198">
     <span class='ocr_line' id='line_1_16' title="bbox 203 908 1258 964; baseline -0.005 -14"><span class='ocrx_word' id='word_1_118' title='bbox 203 912 367 950; x_wconf 84' lang='lat' dir='ltr'>XLIII.</span> <span class='ocrx_word' id='word_1_119' title='bbox 396 912 502 963; x_wconf 85' lang='lat' dir='ltr'>Ergo</span> <span class='ocrx_word' id='word_1_120' title='bbox 520 913 565 961; x_wconf 89' lang='lat' dir='ltr'>is,</span> <span class='ocrx_word' id='word_1_121' title='bbox 588 913 655 964; x_wconf 91' lang='lat' dir='ltr'>qui</span> <span class='ocrx_word' id='word_1_122' title='bbox 680 913 863 963; x_wconf 82' lang='lat' dir='ltr'>scriptum</span> <span class='ocrx_word' id='word_1_123' title='bbox 881 909 1064 957; x_wconf 84' lang='lat' dir='ltr'>defendit,</span> <span class='ocrx_word' id='word_1_124' title='bbox 1083 908 1143 946; x_wconf 86' lang='lat' dir='ltr'>his</span> <span class='ocrx_word' id='word_1_125' title='bbox 1166 908 1258 946; x_wconf 90' lang='lat' dir='ltr'>locis</span> 
     </span>
     <span class='ocr_line' id='line_1_17' title="bbox 150 965 1257 1018; baseline -0.003 -16"><span class='ocrx_word' id='word_1_126' title='bbox 150 965 377 1018; x_wconf 78' lang='lat' dir='ltr'>plerumque</span> <span class='ocrx_word' id='word_1_127' title='bbox 408 966 600 1013; x_wconf 87' lang='lat' dir='ltr'>omnibus,</span> <span class='ocrx_word' id='word_1_128' title='bbox 629 967 773 1015; x_wconf 82' lang='lat' dir='ltr'>majore</span> <span class='ocrx_word' id='word_1_129' title='bbox 801 971 930 1003; x_wconf 80' lang='lat' dir='ltr'>autem</span> <span class='ocrx_word' id='word_1_130' title='bbox 956 971 1062 1015; x_wconf 88' lang='lat' dir='ltr'>parte</span> <span class='ocrx_word' id='word_1_131' title='bbox 1094 974 1257 1013; x_wconf 87' lang='lat' dir='ltr'>semper,</span> 
     </span>
     <span class='ocr_line' id='line_1_18' title="bbox 150 1016 1259 1070; baseline -0.003 -14"><span class='ocrx_word' id='word_1_132' title='bbox 150 1019 288 1069; x_wconf 81' lang='lat' dir='ltr'>poterit</span> <span class='ocrx_word' id='word_1_133' title='bbox 305 1020 385 1057; x_wconf 87' lang='lat' dir='ltr'>uti:</span> <span class='ocrx_word' id='word_1_134' title='bbox 409 1019 586 1057; x_wconf 85' lang='lat' dir='ltr'>Primum</span> <span class='ocrx_word' id='word_1_135' title='bbox 606 1019 793 1070; x_wconf 82' lang='lat' dir='ltr'>scriptoris</span> <span class='ocrx_word' id='word_1_136' title='bbox 812 1017 1100 1065; x_wconf 86' lang='lat' dir='ltr'>collaudatione,</span> <span class='ocrx_word' id='word_1_137' title='bbox 1122 1024 1159 1054; x_wconf 92' lang='lat' dir='ltr'>et</span> <span class='ocrx_word' id='word_1_138' title='bbox 1175 1016 1259 1054; x_wconf 92' lang='lat' dir='ltr'>loco</span> 
     </span>
     <span class='ocr_line' id='line_1_19' title="bbox 152 1069 1259 1123; baseline -0.003 -14"><span class='ocrx_word' id='word_1_139' title='bbox 152 1073 361 1121; x_wconf 80' lang='lat' dir='ltr'>communi,</span> <span class='ocrx_word' id='word_1_140' title='bbox 382 1072 478 1110; x_wconf 82' lang='lat' dir='ltr'>nihil</span> <span class='ocrx_word' id='word_1_141' title='bbox 497 1085 559 1110; x_wconf 90' lang='lat' dir='ltr'>eos</span> <span class='ocrx_word' id='word_1_142' title='bbox 578 1073 645 1123; x_wconf 92' lang='lat' dir='ltr'>qui</span> <span class='ocrx_word' id='word_1_143' title='bbox 661 1072 845 1122; x_wconf 88' lang='lat' dir='ltr'>judicent,</span> <span class='ocrx_word' id='word_1_144' title='bbox 872 1071 945 1109; x_wconf 86' lang='lat' dir='ltr'>nisi</span> <span class='ocrx_word' id='word_1_145' title='bbox 963 1071 1004 1108; x_wconf 92' lang='lat' dir='ltr'>id</span> <span class='ocrx_word' id='word_1_146' title='bbox 1022 1069 1125 1122; x_wconf 90' lang='lat' dir='ltr'>quod</span> <span class='ocrx_word' id='word_1_147' title='bbox 1143 1069 1259 1120; x_wconf 88' lang='lat' dir='ltr'>scrip-</span> 
     </span>
     <span class='ocr_line' id='line_1_20' title="bbox 152 1123 1261 1176; baseline -0.003 -14"><span class='ocrx_word' id='word_1_148' title='bbox 152 1132 237 1162; x_wconf 84' lang='lat' dir='ltr'>tum</span> <span class='ocrx_word' id='word_1_149' title='bbox 263 1126 324 1174; x_wconf 87' lang='lat' dir='ltr'>sit,</span> <span class='ocrx_word' id='word_1_150' title='bbox 345 1132 510 1176; x_wconf 85' lang='lat' dir='ltr'>spectare</span> <span class='ocrx_word' id='word_1_151' title='bbox 528 1134 722 1176; x_wconf 80' lang='lat' dir='ltr'>oportere3</span> <span class='ocrx_word' id='word_1_152' title='bbox 753 1133 790 1164; x_wconf 90' lang='lat' dir='ltr'>et</span> <span class='ocrx_word' id='word_1_153' title='bbox 807 1126 879 1163; x_wconf 87' lang='lat' dir='ltr'>hoc</span> <span class='ocrx_word' id='word_1_154' title='bbox 898 1138 941 1163; x_wconf 92' lang='lat' dir='ltr'>eo</span> <span class='ocrx_word' id='word_1_155' title='bbox 958 1124 1095 1174; x_wconf 84' lang='lat' dir='ltr'>magis,</span> <span class='ocrx_word' id='word_1_156' title='bbox 1117 1123 1148 1160; x_wconf 87' lang='lat' dir='ltr'>si</span> <span class='ocrx_word' id='word_1_157' title='bbox 1165 1123 1261 1173; x_wconf 86' lang='lat' dir='ltr'>legi-</span> 
     </span>
     <span class='ocr_line' id='line_1_21' title="bbox 153 1177 1263 1230; baseline 0 -16"><span class='ocrx_word' id='word_1_158' title='bbox 153 1178 294 1216; x_wconf 87' lang='lat' dir='ltr'>timum</span> <span class='ocrx_word' id='word_1_159' title='bbox 319 1180 502 1230; x_wconf 83' lang='lat' dir='ltr'>scriptum</span> <span class='ocrx_word' id='word_1_160' title='bbox 520 1179 743 1230; x_wconf 82' lang='lat' dir='ltr'>proferetur,</span> <span class='ocrx_word' id='word_1_161' title='bbox 764 1180 804 1217; x_wconf 92' lang='lat' dir='ltr'>id</span> <span class='ocrx_word' id='word_1_162' title='bbox 822 1186 891 1227; x_wconf 89' lang='lat' dir='ltr'>est,</span> <span class='ocrx_word' id='word_1_163' title='bbox 911 1185 979 1216; x_wconf 88' lang='lat' dir='ltr'>aut</span> <span class='ocrx_word' id='word_1_164' title='bbox 996 1178 1060 1215; x_wconf 82' lang='lat' dir='ltr'>lex</span> <span class='ocrx_word' id='word_1_165' title='bbox 1078 1177 1174 1227; x_wconf 86' lang='lat' dir='ltr'>ipsa,</span> <span class='ocrx_word' id='word_1_166' title='bbox 1194 1183 1263 1214; x_wconf 91' lang='lat' dir='ltr'>aut</span> 
     </span>
     <span class='ocr_line' id='line_1_22' title="bbox 153 1231 1262 1284; baseline -0.001 -15"><span class='ocrx_word' id='word_1_167' title='bbox 153 1245 200 1269; x_wconf 79' lang='lat' dir='ltr'>ex</span> <span class='ocrx_word' id='word_1_168' title='bbox 215 1233 298 1282; x_wconf 86' lang='lat' dir='ltr'>lege</span> <span class='ocrx_word' id='word_1_169' title='bbox 316 1232 473 1283; x_wconf 83' lang='lat' dir='ltr'>aliquid.</span> <span class='ocrx_word' id='word_1_170' title='bbox 503 1233 640 1271; x_wconf 82' lang='lat' dir='ltr'>Postea</span> <span class='ocrx_word' id='word_1_171' title='bbox 659 1233 779 1284; x_wconf 89' lang='lat' dir='ltr'>(quod</span> <span class='ocrx_word' id='word_1_172' title='bbox 796 1231 1171 1271; x_wconf 85' lang='lat' dir='ltr'>vehementissimum</span> <span class='ocrx_word' id='word_1_173' title='bbox 1190 1237 1262 1277; x_wconf 85' lang='lat' dir='ltr'>est)</span> 
     </span>
     <span class='ocr_line' id='line_1_23' title="bbox 153 1283 1264 1335; baseline -0.001 -13"><span class='ocrx_word' id='word_1_174' title='bbox 153 1285 256 1333; x_wconf 88' lang='lat' dir='ltr'>facti,</span> <span class='ocrx_word' id='word_1_175' title='bbox 277 1294 344 1323; x_wconf 90' lang='lat' dir='ltr'>aut</span> <span class='ocrx_word' id='word_1_176' title='bbox 357 1286 575 1324; x_wconf 77' lang='lat' dir='ltr'>intentionis</span> <span class='ocrx_word' id='word_1_177' title='bbox 589 1286 902 1334; x_wconf 82' lang='lat' dir='ltr'>adversariorum,</span> <span class='ocrx_word' id='word_1_178' title='bbox 919 1298 1008 1324; x_wconf 89' lang='lat' dir='ltr'>cum</span> <span class='ocrx_word' id='word_1_179' title='bbox 1026 1285 1108 1335; x_wconf 89' lang='lat' dir='ltr'>ipso</span> <span class='ocrx_word' id='word_1_180' title='bbox 1127 1283 1264 1335; x_wconf 87' lang='lat' dir='ltr'>scripto</span> 
     </span>
     <span class='ocr_line' id='line_1_24' title="bbox 153 1337 1265 1391; baseline 0 -16"><span class='ocrx_word' id='word_1_181' title='bbox 153 1340 415 1385; x_wconf 80' lang='lat' dir='ltr'>contentione3</span> <span class='ocrx_word' id='word_1_182' title='bbox 447 1340 541 1391; x_wconf 90' lang='lat' dir='ltr'>quid</span> <span class='ocrx_word' id='word_1_183' title='bbox 567 1341 748 1391; x_wconf 87' lang='lat' dir='ltr'>scriptum</span> <span class='ocrx_word' id='word_1_184' title='bbox 779 1340 840 1388; x_wconf 94' lang='lat' dir='ltr'>sit,</span> <span class='ocrx_word' id='word_1_185' title='bbox 872 1339 966 1390; x_wconf 91' lang='lat' dir='ltr'>quid</span> <span class='ocrx_word' id='word_1_186' title='bbox 986 1338 1146 1386; x_wconf 84' lang='lat' dir='ltr'>factum,</span> <span class='ocrx_word' id='word_1_187' title='bbox 1170 1337 1265 1388; x_wconf 86' lang='lat' dir='ltr'>quid</span> 
     </span>
     <span class='ocr_line' id='line_1_25' title="bbox 150 1392 1266 1444; baseline 0.001 -15"><span class='ocrx_word' id='word_1_188' title='bbox 150 1393 317 1441; x_wconf 64' lang='lat' dir='ltr'>juratus*</span> <span class='ocrx_word' id='word_1_189' title='bbox 331 1393 475 1442; x_wconf 82' lang='lat' dir='ltr'>judex:</span> <span class='ocrx_word' id='word_1_190' title='bbox 506 1407 622 1444; x_wconf 80' lang='lat' dir='ltr'>quem</span> <span class='ocrx_word' id='word_1_191' title='bbox 653 1394 782 1432; x_wconf 89' lang='lat' dir='ltr'>locum</span> <span class='ocrx_word' id='word_1_192' title='bbox 809 1393 942 1431; x_wconf 87' lang='lat' dir='ltr'>multis</span> <span class='ocrx_word' id='word_1_193' title='bbox 968 1392 1092 1431; x_wconf 90' lang='lat' dir='ltr'>modis</span> <span class='ocrx_word' id='word_1_194' title='bbox 1121 1393 1266 1430; x_wconf 89' lang='lat' dir='ltr'>variare</span> 
     </span>
     <span class='ocr_line' id='line_1_26' title="bbox 155 1445 1266 1498; baseline 0 -15"><span class='ocrx_word' id='word_1_195' title='bbox 155 1446 353 1496; x_wconf 81' lang='lat' dir='ltr'>oportebit.</span> <span class='ocrx_word' id='word_1_196' title='bbox 383 1447 490 1484; x_wconf 89' lang='lat' dir='ltr'>Tum</span> <span class='ocrx_word' id='word_1_197' title='bbox 509 1447 636 1498; x_wconf 86' lang='lat' dir='ltr'>ipsum</span> <span class='ocrx_word' id='word_1_198' title='bbox 651 1461 779 1486; x_wconf 88' lang='lat' dir='ltr'>secum</span> <span class='ocrx_word' id='word_1_199' title='bbox 795 1447 1061 1496; x_wconf 81' lang='lat' dir='ltr'>admirantem,</span> <span class='ocrx_word' id='word_1_200' title='bbox 1081 1445 1266 1497; x_wconf 88' lang='lat' dir='ltr'>quidnam</span> 
     </span>
     <span class='ocr_line' id='line_1_27' title="bbox 156 1500 1269 1551; baseline 0.001 -15"><span class='ocrx_word' id='word_1_201' title='bbox 156 1506 286 1537; x_wconf 84' lang='lat' dir='ltr'>contra</span> <span class='ocrx_word' id='word_1_202' title='bbox 304 1500 378 1538; x_wconf 84' lang='lat' dir='ltr'>dici</span> <span class='ocrx_word' id='word_1_203' title='bbox 396 1501 535 1551; x_wconf 83' lang='lat' dir='ltr'>possit:</span> <span class='ocrx_word' id='word_1_204' title='bbox 565 1508 650 1539; x_wconf 87' lang='lat' dir='ltr'>tum</span> <span class='ocrx_word' id='word_1_205' title='bbox 668 1501 718 1539; x_wconf 91' lang='lat' dir='ltr'>ad</span> <span class='ocrx_word' id='word_1_206' title='bbox 732 1501 871 1551; x_wconf 90' lang='lat' dir='ltr'>judicis</span> <span class='ocrx_word' id='word_1_207' title='bbox 889 1500 1056 1538; x_wconf 86' lang='lat' dir='ltr'>officium</span> <span class='ocrx_word' id='word_1_208' title='bbox 1081 1506 1269 1538; x_wconf 88' lang='lat' dir='ltr'>reverten-</span> 
     </span>
     <span class='ocr_line' id='line_1_28' title="bbox 158 1553 1269 1606; baseline 0.002 -17"><span class='ocrx_word' id='word_1_209' title='bbox 158 1559 250 1601; x_wconf 85' lang='lat' dir='ltr'>tem,</span> <span class='ocrx_word' id='word_1_210' title='bbox 272 1560 309 1590; x_wconf 90' lang='lat' dir='ltr'>et</span> <span class='ocrx_word' id='word_1_211' title='bbox 327 1555 374 1591; x_wconf 86' lang='lat' dir='ltr'>ab</span> <span class='ocrx_word' id='word_1_212' title='bbox 401 1567 444 1592; x_wconf 88' lang='lat' dir='ltr'>eo</span> <span class='ocrx_word' id='word_1_213' title='bbox 470 1562 716 1606; x_wconf 86' lang='lat' dir='ltr'>quaerentem,</span> <span class='ocrx_word' id='word_1_214' title='bbox 737 1554 832 1606; x_wconf 84' lang='lat' dir='ltr'>quid</span> <span class='ocrx_word' id='word_1_215' title='bbox 848 1561 1029 1606; x_wconf 85' lang='lat' dir='ltr'>praeterea</span> <span class='ocrx_word' id='word_1_216' title='bbox 1053 1553 1183 1592; x_wconf 88' lang='lat' dir='ltr'>audire</span> <span class='ocrx_word' id='word_1_217' title='bbox 1201 1560 1269 1591; x_wconf 88' lang='lat' dir='ltr'>aut</span> 
     </span>
     <span class='ocr_line' id='line_1_29' title="bbox 159 1607 1269 1659; baseline 0.001 -16"><span class='ocrx_word' id='word_1_218' title='bbox 159 1612 374 1656; x_wconf 77' lang='lat' dir='ltr'>exspectare</span> <span class='ocrx_word' id='word_1_219' title='bbox 402 1607 559 1646; x_wconf 87' lang='lat' dir='ltr'>debeat:</span> <span class='ocrx_word' id='word_1_220' title='bbox 590 1616 674 1646; x_wconf 90' lang='lat' dir='ltr'>tum</span> <span class='ocrx_word' id='word_1_221' title='bbox 702 1609 831 1659; x_wconf 88' lang='lat' dir='ltr'>ipsum</span> <span class='ocrx_word' id='word_1_222' title='bbox 860 1607 1130 1655; x_wconf 87' lang='lat' dir='ltr'>adversarium,</span> <span class='ocrx_word' id='word_1_223' title='bbox 1160 1607 1269 1658; x_wconf 89' lang='lat' dir='ltr'>quasi</span> 
     </span>
     <span class='ocr_line' id='line_1_30' title="bbox 158 1659 1267 1713; baseline 0.002 -17"><span class='ocrx_word' id='word_1_224' title='bbox 158 1659 379 1698; x_wconf 84' lang='lat' dir='ltr'>intentantis</span> <span class='ocrx_word' id='word_1_225' title='bbox 405 1661 500 1710; x_wconf 91' lang='lat' dir='ltr'>loco,</span> <span class='ocrx_word' id='word_1_226' title='bbox 527 1662 783 1713; x_wconf 87' lang='lat' dir='ltr'>producendo,</span> <span class='ocrx_word' id='word_1_227' title='bbox 806 1662 881 1700; x_wconf 89' lang='lat' dir='ltr'>hoc</span> <span class='ocrx_word' id='word_1_228' title='bbox 899 1669 967 1711; x_wconf 86' lang='lat' dir='ltr'>est,</span> <span class='ocrx_word' id='word_1_229' title='bbox 987 1660 1267 1711; x_wconf 88' lang='lat' dir='ltr'>interrogando,</span> 
     </span>
     <span class='ocr_line' id='line_1_31' title="bbox 160 1714 1270 1766; baseline 0.002 -17"><span class='ocrx_word' id='word_1_230' title='bbox 160 1720 291 1750; x_wconf 83' lang='lat' dir='ltr'>utrum</span> <span class='ocrx_word' id='word_1_231' title='bbox 310 1714 493 1765; x_wconf 86' lang='lat' dir='ltr'>scriptum</span> <span class='ocrx_word' id='word_1_232' title='bbox 511 1723 624 1766; x_wconf 87' lang='lat' dir='ltr'>neget</span> <span class='ocrx_word' id='word_1_233' title='bbox 641 1729 719 1754; x_wconf 89' lang='lat' dir='ltr'>esse</span> <span class='ocrx_word' id='word_1_234' title='bbox 737 1728 780 1754; x_wconf 92' lang='lat' dir='ltr'>eo</span> <span class='ocrx_word' id='word_1_235' title='bbox 798 1715 927 1764; x_wconf 89' lang='lat' dir='ltr'>modo,</span> <span class='ocrx_word' id='word_1_236' title='bbox 947 1727 997 1753; x_wconf 90' lang='lat' dir='ltr'>an</span> <span class='ocrx_word' id='word_1_237' title='bbox 1015 1716 1063 1752; x_wconf 87' lang='lat' dir='ltr'>ab</span> <span class='ocrx_word' id='word_1_238' title='bbox 1083 1727 1122 1752; x_wconf 91' lang='lat' dir='ltr'>se</span> <span class='ocrx_word' id='word_1_239' title='bbox 1140 1720 1270 1752; x_wconf 87' lang='lat' dir='ltr'>contra</span> 
     </span>
     <span class='ocr_line' id='line_1_32' title="bbox 159 1765 1268 1819; baseline 0.001 -16"><span class='ocrx_word' id='word_1_240' title='bbox 159 1765 306 1804; x_wconf 84' lang='lat' dir='ltr'>factum</span> <span class='ocrx_word' id='word_1_241' title='bbox 331 1780 422 1815; x_wconf 90' lang='lat' dir='ltr'>esse,</span> <span class='ocrx_word' id='word_1_242' title='bbox 443 1775 510 1806; x_wconf 85' lang='lat' dir='ltr'>aut</span> <span class='ocrx_word' id='word_1_243' title='bbox 528 1776 659 1807; x_wconf 86' lang='lat' dir='ltr'>contra</span> <span class='ocrx_word' id='word_1_244' title='bbox 676 1769 866 1818; x_wconf 88' lang='lat' dir='ltr'>contendi,</span> <span class='ocrx_word' id='word_1_245' title='bbox 885 1776 1021 1819; x_wconf 88' lang='lat' dir='ltr'>neget:</span> <span class='ocrx_word' id='word_1_246' title='bbox 1051 1775 1184 1806; x_wconf 89' lang='lat' dir='ltr'>utrum</span> <span class='ocrx_word' id='word_1_247' title='bbox 1201 1779 1268 1805; x_wconf 90' lang='lat' dir='ltr'>ne-</span> 
     </span>
     <span class='ocr_line' id='line_1_33' title="bbox 159 1822 1270 1871; baseline 0.001 -14"><span class='ocrx_word' id='word_1_248' title='bbox 159 1832 250 1869; x_wconf 87' lang='lat' dir='ltr'>gare</span> <span class='ocrx_word' id='word_1_249' title='bbox 268 1834 382 1859; x_wconf 89' lang='lat' dir='ltr'>ausus</span> <span class='ocrx_word' id='word_1_250' title='bbox 396 1822 457 1871; x_wconf 89' lang='lat' dir='ltr'>sit,</span> <span class='ocrx_word' id='word_1_251' title='bbox 478 1835 516 1860; x_wconf 91' lang='lat' dir='ltr'>se</span> <span class='ocrx_word' id='word_1_252' title='bbox 535 1822 656 1861; x_wconf 87' lang='lat' dir='ltr'>dicere</span> <span class='ocrx_word' id='word_1_253' title='bbox 674 1823 896 1861; x_wconf 87' lang='lat' dir='ltr'>desiturum.</span> <span class='ocrx_word' id='word_1_254' title='bbox 944 1822 988 1860; x_wconf 81' lang='lat' dir='ltr'>Si</span> <span class='ocrx_word' id='word_1_255' title='bbox 1003 1828 1184 1859; x_wconf 89' lang='lat' dir='ltr'>neutrum</span> <span class='ocrx_word' id='word_1_256' title='bbox 1202 1833 1270 1859; x_wconf 90' lang='lat' dir='ltr'>ne-</span> 
     </span>
     <span class='ocr_line' id='line_1_34' title="bbox 161 1875 1269 1927; baseline 0.002 -17"><span class='ocrx_word' id='word_1_257' title='bbox 161 1879 238 1922; x_wconf 90' lang='lat' dir='ltr'>get,</span> <span class='ocrx_word' id='word_1_258' title='bbox 268 1881 304 1911; x_wconf 91' lang='lat' dir='ltr'>et</span> <span class='ocrx_word' id='word_1_259' title='bbox 323 1883 452 1914; x_wconf 89' lang='lat' dir='ltr'>contra</span> <span class='ocrx_word' id='word_1_260' title='bbox 469 1883 597 1914; x_wconf 86' lang='lat' dir='ltr'>tamen</span> <span class='ocrx_word' id='word_1_261' title='bbox 616 1876 729 1924; x_wconf 84' lang='lat' dir='ltr'>dicat,</span> <span class='ocrx_word' id='word_1_262' title='bbox 749 1876 846 1914; x_wconf 82' lang='lat' dir='ltr'>nihil</span> <span class='ocrx_word' id='word_1_263' title='bbox 864 1888 955 1924; x_wconf 90' lang='lat' dir='ltr'>esse,</span> <span class='ocrx_word' id='word_1_264' title='bbox 976 1889 1054 1927; x_wconf 91' lang='lat' dir='ltr'>quo</span> <span class='ocrx_word' id='word_1_265' title='bbox 1071 1875 1269 1913; x_wconf 87' lang='lat' dir='ltr'>hominem</span> 
     </span>
     <span class='ocr_line' id='line_1_35' title="bbox 161 1927 1270 1981; baseline 0.003 -18"><span class='ocrx_word' id='word_1_266' title='bbox 161 1927 481 1978; x_wconf 83' lang='lat' dir='ltr'>impudentiorem</span> <span class='ocrx_word' id='word_1_267' title='bbox 499 1931 703 1981; x_wconf 88' lang='lat' dir='ltr'>quisquam</span> <span class='ocrx_word' id='word_1_268' title='bbox 722 1943 760 1968; x_wconf 92' lang='lat' dir='ltr'>se</span> <span class='ocrx_word' id='word_1_269' title='bbox 779 1930 950 1968; x_wconf 88' lang='lat' dir='ltr'>visurum</span> <span class='ocrx_word' id='word_1_270' title='bbox 964 1929 1176 1967; x_wconf 86' lang='lat' dir='ltr'>arbitretur.</span> <span class='ocrx_word' id='word_1_271' title='bbox 1219 1928 1270 1966; x_wconf 91' lang='lat' dir='ltr'>In</span> 
     </span>
     <span class='ocr_line' id='line_1_36' title="bbox 161 1980 1270 2035; baseline 0.003 -18"><span class='ocrx_word' id='word_1_272' title='bbox 161 1980 233 2018; x_wconf 86' lang='lat' dir='ltr'>hoc</span> <span class='ocrx_word' id='word_1_273' title='bbox 258 1981 312 2019; x_wconf 84' lang='lat' dir='ltr'>ita</span> <span class='ocrx_word' id='word_1_274' title='bbox 336 1984 562 2021; x_wconf 85' lang='lat' dir='ltr'>commorari</span> <span class='ocrx_word' id='word_1_275' title='bbox 590 1983 798 2033; x_wconf 88' lang='lat' dir='ltr'>conveniet,</span> <span class='ocrx_word' id='word_1_276' title='bbox 828 1983 936 2035; x_wconf 84' lang='lat' dir='ltr'>quasi</span> <span class='ocrx_word' id='word_1_277' title='bbox 965 1983 1062 2020; x_wconf 90' lang='lat' dir='ltr'>nihil</span> <span class='ocrx_word' id='word_1_278' title='bbox 1090 1990 1270 2034; x_wconf 87' lang='lat' dir='ltr'>praeterea</span> 
     </span>
     <span class='ocr_line' id='line_1_37' title="bbox 161 2034 1271 2088; baseline 0.002 -17"><span class='ocrx_word' id='word_1_279' title='bbox 161 2034 366 2073; x_wconf 78' lang='lat' dir='ltr'>dicendum</span> <span class='ocrx_word' id='word_1_280' title='bbox 385 2037 446 2084; x_wconf 83' lang='lat' dir='ltr'>sit,</span> <span class='ocrx_word' id='word_1_281' title='bbox 467 2044 504 2075; x_wconf 94' lang='lat' dir='ltr'>et</span> <span class='ocrx_word' id='word_1_282' title='bbox 528 2037 635 2088; x_wconf 85' lang='lat' dir='ltr'>quasi</span> <span class='ocrx_word' id='word_1_283' title='bbox 655 2045 784 2075; x_wconf 90' lang='lat' dir='ltr'>contra</span> <span class='ocrx_word' id='word_1_284' title='bbox 801 2035 879 2076; x_wconf 80' lang='lat' dir='ltr'>dici</span> <span class='ocrx_word' id='word_1_285' title='bbox 899 2036 996 2075; x_wconf 89' lang='lat' dir='ltr'>nihil</span> <span class='ocrx_word' id='word_1_286' title='bbox 1021 2037 1152 2088; x_wconf 88' lang='lat' dir='ltr'>possit,</span> <span class='ocrx_word' id='word_1_287' title='bbox 1172 2049 1271 2087; x_wconf 89' lang='lat' dir='ltr'>saepe</span> 
     </span>
     <span class='ocr_line' id='line_1_38' title="bbox 161 2087 1271 2142; baseline 0.003 -18"><span class='ocrx_word' id='word_1_288' title='bbox 161 2087 215 2133; x_wconf 86' lang='lat' dir='ltr'>id,</span> <span class='ocrx_word' id='word_1_289' title='bbox 245 2089 347 2139; x_wconf 77' lang='lat' dir='ltr'>quod</span> <span class='ocrx_word' id='word_1_290' title='bbox 367 2091 548 2142; x_wconf 80' lang='lat' dir='ltr'>scriptum</span> <span class='ocrx_word' id='word_1_291' title='bbox 568 2099 636 2136; x_wconf 82' lang='lat' dir='ltr'>est,</span> <span class='ocrx_word' id='word_1_292' title='bbox 666 2091 880 2137; x_wconf 83' lang='lat' dir='ltr'>recitando;</span> <span class='ocrx_word' id='word_1_293' title='bbox 910 2104 1008 2142; x_wconf 89' lang='lat' dir='ltr'>saepe</span> <span class='ocrx_word' id='word_1_294' title='bbox 1026 2104 1114 2129; x_wconf 88' lang='lat' dir='ltr'>cum</span> <span class='ocrx_word' id='word_1_295' title='bbox 1134 2090 1271 2141; x_wconf 86' lang='lat' dir='ltr'>scripto</span> 
     </span>
     <span class='ocr_line' id='line_1_39' title="bbox 152 2141 1270 2198; baseline 0.004 -21"><span class='ocrx_word' id='word_1_296' title='bbox 152 2141 304 2192; x_wconf 32' lang='lat' dir='ltr'>‘facturn</span> <span class='ocrx_word' id='word_1_297' title='bbox 324 2143 523 2183; x_wconf 71' lang='lat' dir='ltr'>adversarii</span> <span class='ocrx_word' id='word_1_298' title='bbox 544 2145 803 2196; x_wconf 79' lang='lat' dir='ltr'>confligendo3</span> <span class='ocrx_word' id='word_1_299' title='bbox 835 2152 947 2198; x_wconf 80' lang='lat' dir='ltr'>atque</span> <span class='ocrx_word' id='word_1_300' title='bbox 965 2144 1157 2183; x_wconf 84' lang='lat' dir='ltr'>interdum</span> <span class='ocrx_word' id='word_1_301' title='bbox 1176 2144 1270 2182; x_wconf 85' lang='lat' dir='ltr'>acri-</span> 
     </span>
    </p>
   </div>
  </div>
 </body>
</html>
