<?xml version="1.0" encoding="UTF-8"?>
<!DOCTYPE html PUBLIC "-//W3C//DTD XHTML 1.0 Transitional//EN"
    "http://www.w3.org/TR/xhtml1/DTD/xhtml1-transitional.dtd">
<html xmlns="http://www.w3.org/1999/xhtml" xml:lang="en" lang="en">
 <head>
  <title>
</title>
<meta http-equiv="Content-Type" content="text/html;charset=utf-8" />
  <meta name='ocr-system' content='tesseract 3.04.00' />
  <meta name='ocr-capabilities' content='ocr_page ocr_carea ocr_par ocr_line ocrx_word'/>
</head>
<body>
  <div class='ocr_page' id='page_1' title='image "./operaern01ciceuoft_0205.png"; bbox 0 0 1407 2308; ppageno 0'>
   <div class='ocr_carea' id='block_1_1' title="bbox 253 83 1202 132">
    <p class='ocr_par' dir='ltr' id='par_1_1' title="bbox 253 83 1202 132">
     <span class='ocr_line' id='line_1_1' title="bbox 253 83 1202 132; baseline -0.002 -8"><span class='ocrx_word' id='word_1_1' title='bbox 253 84 329 124; x_wconf 82' lang='lat' dir='ltr'>DE</span> <span class='ocrx_word' id='word_1_2' title='bbox 348 83 640 132; x_wconf 86' lang='lat' dir='ltr'>ORATORE,</span> <span class='ocrx_word' id='word_1_3' title='bbox 665 84 762 123; x_wconf 80' lang='lat' dir='ltr'>Lm.</span> <span class='ocrx_word' id='word_1_4' title='bbox 780 84 812 122; x_wconf 93' lang='lat' dir='ltr'>I.</span> <span class='ocrx_word' id='word_1_5' title='bbox 843 84 946 122; x_wconf 69' lang='lat' dir='ltr'><strong>CAP.</strong></span> <span class='ocrx_word' id='word_1_6' title='bbox 964 85 1026 122; x_wconf 82' lang='lat'>60.</span> <span class='ocrx_word' id='word_1_7' title='bbox 1116 85 1202 128; x_wconf 79' lang='lat'>187·</span> 
     </span>
    </p>
   </div>
   <div class='ocr_carea' id='block_1_2' title="bbox 93 190 1211 2158">
    <p class='ocr_par' dir='ltr' id='par_1_2' title="bbox 93 190 1206 1345">
     <span class='ocr_line' id='line_1_2' title="bbox 96 190 1199 242; baseline -0.003 -12"><span class='ocrx_word' id='word_1_8' title='bbox 96 191 292 230; x_wconf 81' lang='lat' dir='ltr'>adstrictus</span> <span class='ocrx_word' id='word_1_9' title='bbox 316 191 416 230; x_wconf 63' lang='lat' dir='ltr'>certa</span> <span class='ocrx_word' id='word_1_10' title='bbox 434 190 600 242; x_wconf 62' lang='lat' dir='ltr'>quadam</span> <span class='ocrx_word' id='word_1_11' title='bbox 620 203 863 229; x_wconf 88' lang='lat' dir='ltr'>numerorum</span> <span class='ocrx_word' id='word_1_12' title='bbox 889 190 1142 228; x_wconf 86' lang='lat' dir='ltr'>moderatione</span> <span class='ocrx_word' id='word_1_13' title='bbox 1163 198 1199 228; x_wconf 88' lang='lat' dir='ltr'>et</span> 
     </span>
     <span class='ocr_line' id='line_1_3' title="bbox 95 244 1197 296; baseline -0.001 -14"><span class='ocrx_word' id='word_1_14' title='bbox 95 244 252 295; x_wconf 88' lang='lat' dir='ltr'>pedum,</span> <span class='ocrx_word' id='word_1_15' title='bbox 271 252 398 282; x_wconf 90' lang='lat' dir='ltr'>tamen</span> <span class='ocrx_word' id='word_1_16' title='bbox 416 245 561 296; x_wconf 83' lang='lat' dir='ltr'>aliquid</span> <span class='ocrx_word' id='word_1_17' title='bbox 579 245 627 282; x_wconf 89' lang='lat' dir='ltr'>ad</span> <span class='ocrx_word' id='word_1_18' title='bbox 646 245 813 296; x_wconf 87' lang='lat' dir='ltr'>requiem</span> <span class='ocrx_word' id='word_1_19' title='bbox 833 245 1030 282; x_wconf 85' lang='lat' dir='ltr'>senectutis</span> <span class='ocrx_word' id='word_1_20' title='bbox 1049 245 1197 294; x_wconf 83' lang='lat' dir='ltr'>excogi-</span> 
     </span>
     <span class='ocr_line' id='line_1_4' title="bbox 96 297 1199 349; baseline 0 -15"><span class='ocrx_word' id='word_1_21' title='bbox 96 304 165 345; x_wconf 85' lang='lat' dir='ltr'>tat,</span> <span class='ocrx_word' id='word_1_22' title='bbox 185 306 328 349; x_wconf 89' lang='lat' dir='ltr'>quanto</span> <span class='ocrx_word' id='word_1_23' title='bbox 352 298 499 336; x_wconf 84' lang='lat' dir='ltr'>facilius</span> <span class='ocrx_word' id='word_1_24' title='bbox 517 310 584 335; x_wconf 91' lang='lat' dir='ltr'>nos</span> <span class='ocrx_word' id='word_1_25' title='bbox 602 310 677 335; x_wconf 90' lang='lat' dir='ltr'>non</span> <span class='ocrx_word' id='word_1_26' title='bbox 704 299 831 335; x_wconf 84' lang='lat' dir='ltr'>laxare</span> <span class='ocrx_word' id='word_1_27' title='bbox 849 297 993 343; x_wconf 92' lang='lat' dir='ltr'>modos,</span> <span class='ocrx_word' id='word_1_28' title='bbox 1014 297 1079 335; x_wconf 91' lang='lat' dir='ltr'>sed</span> <span class='ocrx_word' id='word_1_29' title='bbox 1103 304 1199 334; x_wconf 87' lang='lat' dir='ltr'>totos</span> 
     </span>
     <span class='ocr_line' id='line_1_5' title="bbox 95 350 1199 402; baseline -0.001 -14"><span class='ocrx_word' id='word_1_30' title='bbox 95 358 256 399; x_wconf 89' lang='lat' dir='ltr'>mutare,</span> <span class='ocrx_word' id='word_1_31' title='bbox 275 353 505 402; x_wconf 84' lang='lat' dir='ltr'>possumus?</span> <span class='ocrx_word' id='word_1_32' title='bbox 536 351 672 402; x_wconf 89' lang='lat' dir='ltr'>Neque</span> <span class='ocrx_word' id='word_1_33' title='bbox 691 351 791 391; x_wconf 86' lang='lat' dir='ltr'>enim</span> <span class='ocrx_word' id='word_1_34' title='bbox 805 351 875 388; x_wconf 91' lang='lat' dir='ltr'>hoc</span> <span class='ocrx_word' id='word_1_35' title='bbox 894 360 944 397; x_wconf 90' lang='lat' dir='ltr'>te,</span> <span class='ocrx_word' id='word_1_36' title='bbox 961 350 1106 397; x_wconf 83' lang='lat' dir='ltr'>Crasse,</span> <span class='ocrx_word' id='word_1_37' title='bbox 1127 350 1199 387; x_wconf 87' lang='lat' dir='ltr'>fal-</span> 
     </span>
     <span class='ocr_line' id='line_1_6' title="bbox 94 403 1198 455; baseline -0.001 -15"><span class='ocrx_word' id='word_1_38' title='bbox 94 404 153 451; x_wconf 92' lang='lat' dir='ltr'>lit,</span> <span class='ocrx_word' id='word_1_39' title='bbox 185 417 301 455; x_wconf 87' lang='lat' dir='ltr'>quam</span> <span class='ocrx_word' id='word_1_40' title='bbox 319 405 442 442; x_wconf 85' lang='lat' dir='ltr'>multa</span> <span class='ocrx_word' id='word_1_41' title='bbox 460 403 533 442; x_wconf 89' lang='lat' dir='ltr'>sint</span> <span class='ocrx_word' id='word_1_42' title='bbox 553 411 589 441; x_wconf 91' lang='lat' dir='ltr'>et</span> <span class='ocrx_word' id='word_1_43' title='bbox 611 417 727 455; x_wconf 88' lang='lat' dir='ltr'>quam</span> <span class='ocrx_word' id='word_1_44' title='bbox 753 404 855 441; x_wconf 85' lang='lat' dir='ltr'>van&#39;a</span> <span class='ocrx_word' id='word_1_45' title='bbox 872 416 1007 453; x_wconf 87' lang='lat' dir='ltr'>genera</span> <span class='ocrx_word' id='word_1_46' title='bbox 1026 403 1198 448; x_wconf 78' lang='lat' dir='ltr'>dicendi3</span> 
     </span>
     <span class='ocr_line' id='line_1_7' title="bbox 98 455 1201 508; baseline 0 -14"><span class='ocrx_word' id='word_1_47' title='bbox 98 455 175 508; x_wconf 90' lang='lat' dir='ltr'>[et]</span> <span class='ocrx_word' id='word_1_48' title='bbox 207 457 310 507; x_wconf 92' lang='lat' dir='ltr'>quod</span> <span class='ocrx_word' id='word_1_49' title='bbox 334 457 436 495; x_wconf 89' lang='lat' dir='ltr'>haud</span> <span class='ocrx_word' id='word_1_50' title='bbox 464 458 578 495; x_wconf 91' lang='lat' dir='ltr'>sciam</span> <span class='ocrx_word' id='word_1_51' title='bbox 597 470 645 494; x_wconf 89' lang='lat' dir='ltr'>an</span> <span class='ocrx_word' id='word_1_52' title='bbox 665 466 706 494; x_wconf 89' lang='lat' dir='ltr'>tu</span> <span class='ocrx_word' id='word_1_53' title='bbox 725 457 870 507; x_wconf 90' lang='lat' dir='ltr'>primus</span> <span class='ocrx_word' id='word_1_54' title='bbox 888 456 1104 503; x_wconf 82' lang='lat' dir='ltr'>ostenderis,</span> <span class='ocrx_word' id='word_1_55' title='bbox 1134 457 1201 506; x_wconf 90' lang='lat' dir='ltr'>qui</span> 
     </span>
     <span class='ocr_line' id='line_1_8' title="bbox 93 510 1201 570; baseline 0.001 -24"><span class='ocrx_word' id='word_1_56' title='bbox 93 510 241 558; x_wconf 88' lang='lat' dir='ltr'>jamdiu</span> <span class='ocrx_word' id='word_1_57' title='bbox 269 511 391 548; x_wconf 92' lang='lat' dir='ltr'>multo</span> <span class='ocrx_word' id='word_1_58' title='bbox 410 511 501 548; x_wconf 88' lang='lat' dir='ltr'>dicis</span> <span class='ocrx_word' id='word_1_59' title='bbox 529 510 716 548; x_wconf 91' lang='lat' dir='ltr'>remissius</span> <span class='ocrx_word' id='word_1_60' title='bbox 745 517 781 547; x_wconf 88' lang='lat' dir='ltr'>et</span> <span class='ocrx_word' id='word_1_61' title='bbox 798 510 935 570; x_wconf 65' lang='lat' dir='ltr'>lenius,</span> <span class='ocrx_word' id='word_1_62' title='bbox 963 522 1078 569; x_wconf 87' lang='lat' dir='ltr'>quam</span> <span class='ocrx_word' id='word_1_63' title='bbox 1106 510 1201 547; x_wconf 86' lang='lat' dir='ltr'>sole-</span> 
     </span>
     <span class='ocr_line' id='line_1_9' title="bbox 97 563 1200 614; baseline 0.001 -14"><span class='ocrx_word' id='word_1_64' title='bbox 97 565 188 601; x_wconf 90' lang='lat' dir='ltr'>bas:</span> <span class='ocrx_word' id='word_1_65' title='bbox 221 565 344 614; x_wconf 83' lang='lat' dir='ltr'>neque</span> <span class='ocrx_word' id='word_1_66' title='bbox 362 564 488 601; x_wconf 90' lang='lat' dir='ltr'>minus</span> <span class='ocrx_word' id='word_1_67' title='bbox 506 564 586 601; x_wconf 86' lang='lat' dir='ltr'>haec</span> <span class='ocrx_word' id='word_1_68' title='bbox 605 571 731 600; x_wconf 85' lang='lat' dir='ltr'>tamen</span> <span class='ocrx_word' id='word_1_69' title='bbox 750 571 816 600; x_wconf 91' lang='lat' dir='ltr'>tua</span> <span class='ocrx_word' id='word_1_70' title='bbox 834 563 1042 612; x_wconf 82' lang='lat' dir='ltr'>gravissuni</span> <span class='ocrx_word' id='word_1_71' title='bbox 1062 575 1200 601; x_wconf 87' lang='lat' dir='ltr'>sermo-</span> 
     </span>
     <span class='ocr_line' id='line_1_10' title="bbox 97 616 1202 671; baseline -0.001 -18"><span class='ocrx_word' id='word_1_72' title='bbox 97 617 156 654; x_wconf 91' lang='lat' dir='ltr'>nis</span> <span class='ocrx_word' id='word_1_73' title='bbox 174 617 320 664; x_wconf 82' lang='lat' dir='ltr'>lenitas,</span> <span class='ocrx_word' id='word_1_74' title='bbox 352 630 468 667; x_wconf 84' lang='lat' dir='ltr'>quam</span> <span class='ocrx_word' id='word_1_75' title='bbox 485 617 552 654; x_wconf 87' lang='lat' dir='ltr'>illa</span> <span class='ocrx_word' id='word_1_76' title='bbox 570 629 719 654; x_wconf 90' lang='lat' dir='ltr'>summa</span> <span class='ocrx_word' id='word_1_77' title='bbox 744 616 798 653; x_wconf 89' lang='lat' dir='ltr'>vis</span> <span class='ocrx_word' id='word_1_78' title='bbox 830 624 865 653; x_wconf 87' lang='lat' dir='ltr'>et</span> <span class='ocrx_word' id='word_1_79' title='bbox 884 616 1083 671; x_wconf 81' lang='lat' dir='ltr'>contentio,</span> <span class='ocrx_word' id='word_1_80' title='bbox 1115 629 1202 666; x_wconf 85' lang='lat' dir='ltr'>pro-</span> 
     </span>
     <span class='ocr_line' id='line_1_11' title="bbox 98 669 1202 721; baseline -0.001 -15"><span class='ocrx_word' id='word_1_81' title='bbox 98 671 232 706; x_wconf 89' lang='lat' dir='ltr'>batur:</span> <span class='ocrx_word' id='word_1_82' title='bbox 264 670 452 721; x_wconf 89' lang='lat' dir='ltr'>multique</span> <span class='ocrx_word' id='word_1_83' title='bbox 480 677 642 708; x_wconf 87' lang='lat' dir='ltr'>oratores</span> <span class='ocrx_word' id='word_1_84' title='bbox 671 670 838 716; x_wconf 89' lang='lat' dir='ltr'>fuerunt,</span> <span class='ocrx_word' id='word_1_85' title='bbox 869 677 912 706; x_wconf 92' lang='lat' dir='ltr'>ut</span> <span class='ocrx_word' id='word_1_86' title='bbox 930 669 1081 705; x_wconf 84' lang='lat' dir='ltr'>illum</span> <span class='ocrx_word' id='word_1_87' title='bbox 1059 669 1202 719; x_wconf 48' lang='lat' dir='ltr'>§cipio-</span> 
     </span>
     <span class='ocr_line' id='line_1_12' title="bbox 99 722 1202 783; baseline 0 -24"><span class='ocrx_word' id='word_1_88' title='bbox 99 735 186 760; x_wconf 88' lang='lat' dir='ltr'>nem</span> <span class='ocrx_word' id='word_1_89' title='bbox 205 722 394 771; x_wconf 75' lang='lat' dir='ltr'>audimus,</span> <span class='ocrx_word' id='word_1_90' title='bbox 415 730 452 760; x_wconf 92' lang='lat' dir='ltr'>et</span> <span class='ocrx_word' id='word_1_91' title='bbox 471 723 648 783; x_wconf 65' lang='lat' dir='ltr'>szlium,</span> <span class='ocrx_word' id='word_1_92' title='bbox 670 724 736 773; x_wconf 91' lang='lat' dir='ltr'>qui</span> <span class='ocrx_word' id='word_1_93' title='bbox 755 723 882 760; x_wconf 90' lang='lat' dir='ltr'>omnia</span> <span class='ocrx_word' id='word_1_94' title='bbox 900 734 1069 759; x_wconf 86' lang='lat' dir='ltr'>sermone</span> <span class='ocrx_word' id='word_1_95' title='bbox 1087 723 1202 760; x_wconf 85' lang='lat' dir='ltr'>confi-</span> 
     </span>
     <span class='ocr_line' id='line_1_13' title="bbox 100 776 1201 827; baseline 0.001 -15"><span class='ocrx_word' id='word_1_96' title='bbox 100 784 225 813; x_wconf 90' lang='lat' dir='ltr'>cerent</span> <span class='ocrx_word' id='word_1_97' title='bbox 253 777 368 826; x_wconf 86' lang='lat' dir='ltr'>paulo</span> <span class='ocrx_word' id='word_1_98' title='bbox 397 776 608 823; x_wconf 75' lang='lat' dir='ltr'>intentiore,</span> <span class='ocrx_word' id='word_1_99' title='bbox 640 789 852 827; x_wconf 85' lang='lat' dir='ltr'>nunquam,</span> <span class='ocrx_word' id='word_1_100' title='bbox 883 783 926 812; x_wconf 92' lang='lat' dir='ltr'>ut</span> <span class='ocrx_word' id='word_1_101' title='bbox 957 776 1034 813; x_wconf 79' lang='lat' dir='ltr'>Ser.</span> <span class='ocrx_word' id='word_1_102' title='bbox 1063 776 1201 822; x_wconf 84' lang='lat' dir='ltr'>Galba,</span> 
     </span>
     <span class='ocr_line' id='line_1_14' title="bbox 101 827 1204 876; baseline 0.001 -11"><span class='ocrx_word' id='word_1_103' title='bbox 101 829 279 867; x_wconf 82' lang='lat' dir='ltr'>lateribus</span> <span class='ocrx_word' id='word_1_104' title='bbox 299 837 364 867; x_wconf 90' lang='lat' dir='ltr'>aut</span> <span class='ocrx_word' id='word_1_105' title='bbox 378 829 539 868; x_wconf 85' lang='lat' dir='ltr'>clamore</span> <span class='ocrx_word' id='word_1_106' title='bbox 554 829 827 867; x_wconf 84' lang='lat' dir='ltr'>contenderent.</span> <span class='ocrx_word' id='word_1_107' title='bbox 858 828 974 875; x_wconf 82' lang='lat' dir='ltr'>Quod</span> <span class='ocrx_word' id='word_1_108' title='bbox 993 827 1023 865; x_wconf 90' lang='lat' dir='ltr'>si</span> <span class='ocrx_word' id='word_1_109' title='bbox 1039 829 1119 876; x_wconf 88' lang='lat' dir='ltr'>jam</span> <span class='ocrx_word' id='word_1_110' title='bbox 1134 829 1204 866; x_wconf 88' lang='lat' dir='ltr'>hoc</span> 
     </span>
     <span class='ocr_line' id='line_1_15' title="bbox 101 881 1202 933; baseline 0 -14"><span class='ocrx_word' id='word_1_111' title='bbox 101 882 221 919; x_wconf 74' lang='lat' dir='ltr'>tacere</span> <span class='ocrx_word' id='word_1_112' title='bbox 239 894 315 920; x_wconf 91' lang='lat' dir='ltr'>non</span> <span class='ocrx_word' id='word_1_113' title='bbox 333 883 484 933; x_wconf 87' lang='lat' dir='ltr'>poteris,</span> <span class='ocrx_word' id='word_1_114' title='bbox 505 889 571 920; x_wconf 91' lang='lat' dir='ltr'>aut</span> <span class='ocrx_word' id='word_1_115' title='bbox 589 883 690 920; x_wconf 91' lang='lat' dir='ltr'>noles</span> <span class='ocrx_word' id='word_1_116' title='bbox 705 896 716 927; x_wconf 89' lang='lat'>;</span> <span class='ocrx_word' id='word_1_117' title='bbox 738 882 886 929; x_wconf 88' lang='lat' dir='ltr'>vereris,</span> <span class='ocrx_word' id='word_1_118' title='bbox 907 894 954 919; x_wconf 90' lang='lat' dir='ltr'>ne</span> <span class='ocrx_word' id='word_1_119' title='bbox 968 889 1034 918; x_wconf 89' lang='lat' dir='ltr'>tua</span> <span class='ocrx_word' id='word_1_120' title='bbox 1052 881 1202 929; x_wconf 86' lang='lat' dir='ltr'>domus,</span> 
     </span>
     <span class='ocr_line' id='line_1_16' title="bbox 102 934 1205 985; baseline 0 -13"><span class='ocrx_word' id='word_1_121' title='bbox 102 935 185 972; x_wconf 85' lang='lat' dir='ltr'>talis</span> <span class='ocrx_word' id='word_1_122' title='bbox 204 942 241 973; x_wconf 94' lang='lat' dir='ltr'>et</span> <span class='ocrx_word' id='word_1_123' title='bbox 261 935 330 973; x_wconf 90' lang='lat' dir='ltr'>viri</span> <span class='ocrx_word' id='word_1_124' title='bbox 349 943 386 973; x_wconf 88' lang='lat' dir='ltr'>et</span> <span class='ocrx_word' id='word_1_125' title='bbox 404 935 508 983; x_wconf 88' lang='lat' dir='ltr'>civis,</span> <span class='ocrx_word' id='word_1_126' title='bbox 537 936 568 973; x_wconf 89' lang='lat' dir='ltr'>si</span> <span class='ocrx_word' id='word_1_127' title='bbox 587 949 609 972; x_wconf 95' lang='lat' dir='ltr'>a</span> <span class='ocrx_word' id='word_1_128' title='bbox 626 935 796 985; x_wconf 84' lang='lat' dir='ltr'>litigiosis</span> <span class='ocrx_word' id='word_1_129' title='bbox 815 934 1031 972; x_wconf 86' lang='lat' dir='ltr'>hominibus</span> <span class='ocrx_word' id='word_1_130' title='bbox 1050 947 1125 972; x_wconf 91' lang='lat' dir='ltr'>non</span> <span class='ocrx_word' id='word_1_131' title='bbox 1144 948 1205 972; x_wconf 92' lang='lat' dir='ltr'>co-</span> 
     </span>
     <span class='ocr_line' id='line_1_17' title="bbox 99 988 1204 1040; baseline 0.001 -16"><span class='ocrx_word' id='word_1_132' title='bbox 99 988 212 1035; x_wconf 87' lang='lat' dir='ltr'>latur,</span> <span class='ocrx_word' id='word_1_133' title='bbox 233 1001 256 1025; x_wconf 93' lang='lat' dir='ltr'>a</span> <span class='ocrx_word' id='word_1_134' title='bbox 274 989 413 1026; x_wconf 88' lang='lat' dir='ltr'>caeteris</span> <span class='ocrx_word' id='word_1_135' title='bbox 439 988 629 1027; x_wconf 88' lang='lat' dir='ltr'>deseratur</span> <span class='ocrx_word' id='word_1_136' title='bbox 642 991 659 1026; x_wconf 69' lang='lat'>‚⁹</span> <span class='ocrx_word' id='word_1_137' title='bbox 688 988 881 1040; x_wconf 89' lang='lat' dir='ltr'>Equidem</span> <span class='ocrx_word' id='word_1_138' title='bbox 902 995 1051 1025; x_wconf 85' lang='lat' dir='ltr'>tantum</span> <span class='ocrx_word' id='word_1_139' title='bbox 1070 990 1204 1026; x_wconf 87' lang='lat' dir='ltr'>absum</span> 
     </span>
     <span class='ocr_line' id='line_1_18' title="bbox 99 1041 1205 1089; baseline 0 -11"><span class='ocrx_word' id='word_1_140' title='bbox 99 1043 147 1078; x_wconf 89' lang='lat' dir='ltr'>ab</span> <span class='ocrx_word' id='word_1_141' title='bbox 162 1041 234 1078; x_wconf 63' lang='lat' dir='ltr'>ista</span> <span class='ocrx_word' id='word_1_142' title='bbox 247 1041 443 1089; x_wconf 65' lang='lat' dir='ltr'>sententia,</span> <span class='ocrx_word' id='word_1_143' title='bbox 459 1050 503 1080; x_wconf 90' lang='lat' dir='ltr'>ut</span> <span class='ocrx_word' id='word_1_144' title='bbox 519 1054 595 1079; x_wconf 90' lang='lat' dir='ltr'>non</span> <span class='ocrx_word' id='word_1_145' title='bbox 609 1041 721 1079; x_wconf 91' lang='lat' dir='ltr'>modo</span> <span class='ocrx_word' id='word_1_146' title='bbox 735 1054 811 1079; x_wconf 93' lang='lat' dir='ltr'>non</span> <span class='ocrx_word' id='word_1_147' title='bbox 826 1041 982 1078; x_wconf 88' lang='lat' dir='ltr'>arbitrer</span> <span class='ocrx_word' id='word_1_148' title='bbox 995 1041 1205 1079; x_wconf 82' lang='lat' dir='ltr'>subsidium</span> 
     </span>
     <span class='ocr_line' id='line_1_19' title="bbox 99 1094 1205 1146; baseline 0 -15"><span class='ocrx_word' id='word_1_149' title='bbox 99 1095 298 1133; x_wconf 83' lang='lat' dir='ltr'>senectutis</span> <span class='ocrx_word' id='word_1_150' title='bbox 312 1095 352 1132; x_wconf 90' lang='lat' dir='ltr'>in</span> <span class='ocrx_word' id='word_1_151' title='bbox 367 1108 511 1143; x_wconf 91' lang='lat' dir='ltr'>eorum,</span> <span class='ocrx_word' id='word_1_152' title='bbox 531 1095 597 1146; x_wconf 91' lang='lat' dir='ltr'>qui</span> <span class='ocrx_word' id='word_1_153' title='bbox 615 1095 829 1133; x_wconf 90' lang='lat' dir='ltr'>consultum</span> <span class='ocrx_word' id='word_1_154' title='bbox 848 1094 1011 1142; x_wconf 84' lang='lat' dir='ltr'>veniant,</span> <span class='ocrx_word' id='word_1_155' title='bbox 1032 1095 1205 1132; x_wconf 85' lang='lat' dir='ltr'>multitu-</span> 
     </span>
     <span class='ocr_line' id='line_1_20' title="bbox 100 1147 1203 1199; baseline 0 -14"><span class='ocrx_word' id='word_1_156' title='bbox 100 1147 188 1185; x_wconf 86' lang='lat' dir='ltr'>dine</span> <span class='ocrx_word' id='word_1_157' title='bbox 206 1161 283 1186; x_wconf 92' lang='lat' dir='ltr'>esse</span> <span class='ocrx_word' id='word_1_158' title='bbox 296 1148 529 1199; x_wconf 89' lang='lat' dir='ltr'>ponendum,</span> <span class='ocrx_word' id='word_1_159' title='bbox 550 1148 628 1195; x_wconf 91' lang='lat' dir='ltr'>sed,</span> <span class='ocrx_word' id='word_1_160' title='bbox 645 1156 841 1199; x_wconf 86' lang='lat' dir='ltr'>tamquam</span> <span class='ocrx_word' id='word_1_161' title='bbox 855 1155 1007 1198; x_wconf 84' lang='lat' dir='ltr'>portum</span> <span class='ocrx_word' id='word_1_162' title='bbox 1022 1148 1203 1198; x_wconf 88' lang='lat' dir='ltr'>aliquem,</span> 
     </span>
     <span class='ocr_line' id='line_1_21' title="bbox 101 1201 1204 1252; baseline 0 -13"><span class='ocrx_word' id='word_1_163' title='bbox 101 1208 312 1252; x_wconf 86' lang='lat' dir='ltr'>exspectem</span> <span class='ocrx_word' id='word_1_164' title='bbox 330 1201 456 1249; x_wconf 89' lang='lat' dir='ltr'>istam,</span> <span class='ocrx_word' id='word_1_165' title='bbox 477 1214 593 1252; x_wconf 87' lang='lat' dir='ltr'>quam</span> <span class='ocrx_word' id='word_1_166' title='bbox 612 1209 653 1239; x_wconf 91' lang='lat' dir='ltr'>tu</span> <span class='ocrx_word' id='word_1_167' title='bbox 672 1202 794 1249; x_wconf 88' lang='lat' dir='ltr'>times,</span> <span class='ocrx_word' id='word_1_168' title='bbox 815 1201 1067 1239; x_wconf 88' lang='lat' dir='ltr'>solitudinem.</span> <span class='ocrx_word' id='word_1_169' title='bbox 1106 1203 1204 1239; x_wconf 78' lang='lat' dir='ltr'>Sub-</span> 
     </span>
     <span class='ocr_line' id='line_1_22' title="bbox 101 1253 1206 1293; baseline 0.001 -2"><span class='ocrx_word' id='word_1_170' title='bbox 101 1253 241 1292; x_wconf 84' lang='lat' dir='ltr'>sidium</span> <span class='ocrx_word' id='word_1_171' title='bbox 280 1255 383 1292; x_wconf 88' lang='lat' dir='ltr'>enim</span> <span class='ocrx_word' id='word_1_172' title='bbox 414 1255 664 1293; x_wconf 88' lang='lat' dir='ltr'>bellissimum</span> <span class='ocrx_word' id='word_1_173' title='bbox 701 1255 875 1293; x_wconf 85' lang='lat' dir='ltr'>existimo</span> <span class='ocrx_word' id='word_1_174' title='bbox 913 1267 990 1292; x_wconf 89' lang='lat' dir='ltr'>esse</span> <span class='ocrx_word' id='word_1_175' title='bbox 1025 1255 1206 1292; x_wconf 87' lang='lat' dir='ltr'>senectuti</span> 
     </span>
     <span class='ocr_line' id='line_1_23' title="bbox 101 1307 236 1345; baseline 0 -1"><span class='ocrx_word' id='word_1_176' title='bbox 101 1307 236 1345; x_wconf 90' lang='lat' dir='ltr'>otium.</span> 
     </span>
    </p>

    <p class='ocr_par' dir='ltr' id='par_1_3' title="bbox 100 1360 1211 2158">
     <span class='ocr_line' id='line_1_24' title="bbox 155 1360 1205 1412; baseline 0 -14"><span class='ocrx_word' id='word_1_177' title='bbox 155 1361 320 1412; x_wconf 86' lang='lat' dir='ltr'>Reliqua</span> <span class='ocrx_word' id='word_1_178' title='bbox 331 1374 417 1400; x_wconf 85' lang='lat' dir='ltr'>vero</span> <span class='ocrx_word' id='word_1_179' title='bbox 436 1361 581 1399; x_wconf 87' lang='lat' dir='ltr'>etiamsi</span> <span class='ocrx_word' id='word_1_180' title='bbox 599 1361 794 1410; x_wconf 87' lang='lat' dir='ltr'>adjuvant,</span> <span class='ocrx_word' id='word_1_181' title='bbox 816 1360 1031 1403; x_wconf 84' lang='lat' dir='ltr'>(historiam</span> <span class='ocrx_word' id='word_1_182' title='bbox 1050 1360 1147 1408; x_wconf 77' lang='lat' dir='ltr'>dico,</span> <span class='ocrx_word' id='word_1_183' title='bbox 1169 1369 1205 1399; x_wconf 90' lang='lat' dir='ltr'>et</span> 
     </span>
     <span class='ocr_line' id='line_1_25' title="bbox 100 1413 1206 1465; baseline 0 -14"><span class='ocrx_word' id='word_1_184' title='bbox 100 1413 341 1464; x_wconf 90' lang='lat' dir='ltr'>prudentiam</span> <span class='ocrx_word' id='word_1_185' title='bbox 367 1415 463 1464; x_wconf 83' lang='lat' dir='ltr'>juris</span> <span class='ocrx_word' id='word_1_186' title='bbox 485 1415 641 1465; x_wconf 90' lang='lat' dir='ltr'>publici,</span> <span class='ocrx_word' id='word_1_187' title='bbox 674 1422 710 1452; x_wconf 92' lang='lat' dir='ltr'>et</span> <span class='ocrx_word' id='word_1_188' title='bbox 728 1414 960 1464; x_wconf 87' lang='lat' dir='ltr'>antiquitatis</span> <span class='ocrx_word' id='word_1_189' title='bbox 978 1414 1060 1460; x_wconf 89' lang='lat' dir='ltr'>iter,</span> <span class='ocrx_word' id='word_1_190' title='bbox 1086 1421 1123 1451; x_wconf 89' lang='lat' dir='ltr'>et</span> <span class='ocrx_word' id='word_1_191' title='bbox 1141 1427 1206 1451; x_wconf 83' lang='lat' dir='ltr'>ex-</span> 
     </span>
     <span class='ocr_line' id='line_1_26' title="bbox 102 1467 1204 1519; baseline 0.001 -16"><span class='ocrx_word' id='word_1_192' title='bbox 102 1467 314 1517; x_wconf 89' lang='lat' dir='ltr'>emplorum</span> <span class='ocrx_word' id='word_1_193' title='bbox 342 1468 504 1518; x_wconf 88' lang='lat' dir='ltr'>copiam)</span> <span class='ocrx_word' id='word_1_194' title='bbox 533 1468 564 1506; x_wconf 87' lang='lat' dir='ltr'>si</span> <span class='ocrx_word' id='word_1_195' title='bbox 583 1468 734 1519; x_wconf 85' lang='lat' dir='ltr'>quando</span> <span class='ocrx_word' id='word_1_196' title='bbox 752 1481 846 1518; x_wconf 90' lang='lat' dir='ltr'>opus</span> <span class='ocrx_word' id='word_1_197' title='bbox 866 1467 948 1514; x_wconf 80' lang='lat' dir='ltr'>erit,</span> <span class='ocrx_word' id='word_1_198' title='bbox 969 1480 991 1504; x_wconf 89' lang='lat' dir='ltr'>a</span> <span class='ocrx_word' id='word_1_199' title='bbox 1010 1467 1089 1504; x_wconf 88' lang='lat' dir='ltr'>viro</span> <span class='ocrx_word' id='word_1_200' title='bbox 1107 1468 1204 1518; x_wconf 90' lang='lat' dir='ltr'>opti-</span> 
     </span>
     <span class='ocr_line' id='line_1_27' title="bbox 102 1520 1205 1580; baseline 0 -23"><span class='ocrx_word' id='word_1_201' title='bbox 102 1532 180 1567; x_wconf 88' lang='lat' dir='ltr'>mo,</span> <span class='ocrx_word' id='word_1_202' title='bbox 200 1527 237 1558; x_wconf 92' lang='lat' dir='ltr'>et</span> <span class='ocrx_word' id='word_1_203' title='bbox 254 1520 334 1558; x_wconf 89' lang='lat' dir='ltr'>istis</span> <span class='ocrx_word' id='word_1_204' title='bbox 352 1523 462 1558; x_wconf 89' lang='lat' dir='ltr'>rebus</span> <span class='ocrx_word' id='word_1_205' title='bbox 475 1520 773 1569; x_wconf 88' lang='lat' dir='ltr'>instructissimo,</span> <span class='ocrx_word' id='word_1_206' title='bbox 790 1520 966 1557; x_wconf 81' lang='lat' dir='ltr'>familiari</span> <span class='ocrx_word' id='word_1_207' title='bbox 979 1533 1078 1580; x_wconf 73' lang='lat' dir='ltr'>meo,</span> <span class='ocrx_word' id='word_1_208' title='bbox 1100 1521 1205 1558; x_wconf 88' lang='lat' dir='ltr'>Lon-</span> 
     </span>
     <span class='ocr_line' id='line_1_28' title="bbox 101 1573 1205 1625; baseline 0.001 -15"><span class='ocrx_word' id='word_1_209' title='bbox 101 1573 192 1623; x_wconf 85' lang='lat' dir='ltr'>gino</span> <span class='ocrx_word' id='word_1_210' title='bbox 212 1575 425 1612; x_wconf 86' lang='lat' dir='ltr'>mutuabor.</span> <span class='ocrx_word' id='word_1_211' title='bbox 468 1574 606 1625; x_wconf 89' lang='lat' dir='ltr'>Neque</span> <span class='ocrx_word' id='word_1_212' title='bbox 623 1575 857 1624; x_wconf 87' lang='lat' dir='ltr'>repugnabo,</span> <span class='ocrx_word' id='word_1_213' title='bbox 889 1586 965 1624; x_wconf 93' lang='lat' dir='ltr'>quo</span> <span class='ocrx_word' id='word_1_214' title='bbox 997 1573 1123 1611; x_wconf 89' lang='lat' dir='ltr'>minus</span> <span class='ocrx_word' id='word_1_215' title='bbox 1150 1574 1205 1615; x_wconf 89' lang='lat' dir='ltr'>(id</span> 
     </span>
     <span class='ocr_line' id='line_1_29' title="bbox 102 1626 1206 1677; baseline 0.001 -14"><span class='ocrx_word' id='word_1_216' title='bbox 102 1626 206 1676; x_wconf 93' lang='lat' dir='ltr'>quod</span> <span class='ocrx_word' id='word_1_217' title='bbox 229 1626 342 1664; x_wconf 90' lang='lat' dir='ltr'>modo</span> <span class='ocrx_word' id='word_1_218' title='bbox 371 1627 541 1665; x_wconf 86' lang='lat' dir='ltr'>hortatus</span> <span class='ocrx_word' id='word_1_219' title='bbox 572 1634 626 1674; x_wconf 87' lang='lat' dir='ltr'>es)</span> <span class='ocrx_word' id='word_1_220' title='bbox 659 1627 787 1665; x_wconf 88' lang='lat' dir='ltr'>omnia</span> <span class='ocrx_word' id='word_1_221' title='bbox 817 1628 959 1677; x_wconf 88' lang='lat' dir='ltr'>legant,</span> <span class='ocrx_word' id='word_1_222' title='bbox 993 1627 1120 1664; x_wconf 90' lang='lat' dir='ltr'>omnia</span> <span class='ocrx_word' id='word_1_223' title='bbox 1138 1640 1206 1664; x_wconf 88' lang='lat' dir='ltr'>au-</span> 
     </span>
     <span class='ocr_line' id='line_1_30' title="bbox 101 1679 1206 1731; baseline 0.001 -15"><span class='ocrx_word' id='word_1_224' title='bbox 101 1679 222 1728; x_wconf 87' lang='lat' dir='ltr'>diant,</span> <span class='ocrx_word' id='word_1_225' title='bbox 252 1679 293 1717; x_wconf 89' lang='lat' dir='ltr'>in</span> <span class='ocrx_word' id='word_1_226' title='bbox 318 1680 423 1718; x_wconf 91' lang='lat' dir='ltr'>omni</span> <span class='ocrx_word' id='word_1_227' title='bbox 451 1687 550 1718; x_wconf 75' lang='lat' dir='ltr'>recto</span> <span class='ocrx_word' id='word_1_228' title='bbox 579 1681 703 1718; x_wconf 90' lang='lat' dir='ltr'>studio</span> <span class='ocrx_word' id='word_1_229' title='bbox 732 1688 844 1731; x_wconf 89' lang='lat' dir='ltr'>atque</span> <span class='ocrx_word' id='word_1_230' title='bbox 870 1680 1105 1717; x_wconf 84' lang='lat' dir='ltr'>humanitate</span> <span class='ocrx_word' id='word_1_231' title='bbox 1125 1693 1206 1717; x_wconf 85' lang='lat' dir='ltr'>ver-</span> 
     </span>
     <span class='ocr_line' id='line_1_31' title="bbox 101 1733 1207 1783; baseline 0 -13"><span class='ocrx_word' id='word_1_232' title='bbox 101 1740 252 1770; x_wconf 88' lang='lat' dir='ltr'>sentur:</span> <span class='ocrx_word' id='word_1_233' title='bbox 274 1733 352 1781; x_wconf 87' lang='lat' dir='ltr'>sed,</span> <span class='ocrx_word' id='word_1_234' title='bbox 371 1734 599 1782; x_wconf 85' lang='lat' dir='ltr'>mehercule,</span> <span class='ocrx_word' id='word_1_235' title='bbox 620 1746 695 1772; x_wconf 92' lang='lat' dir='ltr'>non</span> <span class='ocrx_word' id='word_1_236' title='bbox 719 1734 773 1771; x_wconf 90' lang='lat' dir='ltr'>ita</span> <span class='ocrx_word' id='word_1_237' title='bbox 790 1734 957 1771; x_wconf 88' lang='lat' dir='ltr'>multum</span> <span class='ocrx_word' id='word_1_238' title='bbox 976 1733 1087 1783; x_wconf 86' lang='lat' dir='ltr'>spatii</span> <span class='ocrx_word' id='word_1_239' title='bbox 1111 1733 1207 1770; x_wconf 89' lang='lat' dir='ltr'>mihi</span> 
     </span>
     <span class='ocr_line' id='line_1_32' title="bbox 102 1785 1209 1846; baseline 0 -23"><span class='ocrx_word' id='word_1_240' title='bbox 102 1785 262 1834; x_wconf 90' lang='lat' dir='ltr'>videtur,</span> <span class='ocrx_word' id='word_1_241' title='bbox 282 1786 314 1825; x_wconf 91' lang='lat' dir='ltr'>si</span> <span class='ocrx_word' id='word_1_242' title='bbox 330 1787 444 1825; x_wconf 87' lang='lat' dir='ltr'>modo</span> <span class='ocrx_word' id='word_1_243' title='bbox 461 1800 506 1825; x_wconf 87' lang='lat' dir='ltr'>ea</span> <span class='ocrx_word' id='word_1_244' title='bbox 522 1787 642 1825; x_wconf 88' lang='lat' dir='ltr'>facere</span> <span class='ocrx_word' id='word_1_245' title='bbox 661 1794 698 1825; x_wconf 86' lang='lat' dir='ltr'>et</span> <span class='ocrx_word' id='word_1_246' title='bbox 721 1787 895 1846; x_wconf 78' lang='lat' dir='ltr'>persequi</span> <span class='ocrx_word' id='word_1_247' title='bbox 912 1787 1052 1834; x_wconf 87' lang='lat' dir='ltr'>volent,</span> <span class='ocrx_word' id='word_1_248' title='bbox 1081 1799 1166 1837; x_wconf 89' lang='lat' dir='ltr'>quae</span> <span class='ocrx_word' id='word_1_249' title='bbox 1186 1800 1209 1823; x_wconf 87' lang='lat' dir='ltr'>a</span> 
     </span>
     <span class='ocr_line' id='line_1_33' title="bbox 101 1839 1206 1892; baseline -0.001 -16"><span class='ocrx_word' id='word_1_250' title='bbox 101 1845 152 1887; x_wconf 75' lang='lat' dir='ltr'>te,</span> <span class='ocrx_word' id='word_1_251' title='bbox 173 1839 318 1888; x_wconf 88' lang='lat' dir='ltr'>Crasse,</span> <span class='ocrx_word' id='word_1_252' title='bbox 338 1848 524 1891; x_wconf 87' lang='lat' dir='ltr'>praecepta</span> <span class='ocrx_word' id='word_1_253' title='bbox 541 1848 654 1886; x_wconf 79' lang='lat' dir='ltr'>sunt3</span> <span class='ocrx_word' id='word_1_254' title='bbox 683 1840 749 1892; x_wconf 88' lang='lat' dir='ltr'>qui</span> <span class='ocrx_word' id='word_1_255' title='bbox 767 1840 863 1877; x_wconf 89' lang='lat' dir='ltr'>mihi</span> <span class='ocrx_word' id='word_1_256' title='bbox 881 1853 997 1890; x_wconf 86' lang='lat' dir='ltr'>prope</span> <span class='ocrx_word' id='word_1_257' title='bbox 1016 1840 1128 1877; x_wconf 85' lang='lat' dir='ltr'>etiam</span> <span class='ocrx_word' id='word_1_258' title='bbox 1148 1839 1206 1875; x_wconf 90' lang='lat' dir='ltr'>ni-</span> 
     </span>
     <span class='ocr_line' id='line_1_34' title="bbox 101 1891 1208 1955; baseline -0.001 -26"><span class='ocrx_word' id='word_1_259' title='bbox 101 1891 175 1930; x_wconf 89' lang='lat' dir='ltr'>mis</span> <span class='ocrx_word' id='word_1_260' title='bbox 199 1892 312 1931; x_wconf 88' lang='lat' dir='ltr'>duras</span> <span class='ocrx_word' id='word_1_261' title='bbox 335 1894 436 1944; x_wconf 89' lang='lat' dir='ltr'>leges</span> <span class='ocrx_word' id='word_1_262' title='bbox 464 1894 657 1955; x_wconf 82' lang='lat' dir='ltr'>imponere</span> <span class='ocrx_word' id='word_1_263' title='bbox 686 1895 786 1932; x_wconf 91' lang='lat' dir='ltr'>visus</span> <span class='ocrx_word' id='word_1_264' title='bbox 816 1906 854 1931; x_wconf 91' lang='lat' dir='ltr'>es</span> <span class='ocrx_word' id='word_1_265' title='bbox 883 1893 972 1931; x_wconf 89' lang='lat' dir='ltr'>huic</span> <span class='ocrx_word' id='word_1_266' title='bbox 997 1892 1122 1937; x_wconf 82' lang='lat' dir='ltr'>aetati3</span> <span class='ocrx_word' id='word_1_267' title='bbox 1144 1892 1208 1929; x_wconf 90' lang='lat' dir='ltr'>sed</span> 
     </span>
     <span class='ocr_line' id='line_1_35' title="bbox 102 1946 1208 1998; baseline -0.001 -16"><span class='ocrx_word' id='word_1_268' title='bbox 102 1951 230 1983; x_wconf 87' lang='lat' dir='ltr'>tamen</span> <span class='ocrx_word' id='word_1_269' title='bbox 248 1946 297 1983; x_wconf 89' lang='lat' dir='ltr'>ad</span> <span class='ocrx_word' id='word_1_270' title='bbox 314 1946 368 1994; x_wconf 92' lang='lat' dir='ltr'>id,</span> <span class='ocrx_word' id='word_1_271' title='bbox 384 1947 487 1998; x_wconf 91' lang='lat' dir='ltr'>quod</span> <span class='ocrx_word' id='word_1_272' title='bbox 504 1947 676 1998; x_wconf 89' lang='lat' dir='ltr'>cupiunt,</span> <span class='ocrx_word' id='word_1_273' title='bbox 691 1947 988 1998; x_wconf 88' lang='lat' dir='ltr'>adipiscendum,</span> <span class='ocrx_word' id='word_1_274' title='bbox 1009 1957 1125 1996; x_wconf 89' lang='lat' dir='ltr'>prope</span> <span class='ocrx_word' id='word_1_275' title='bbox 1143 1957 1208 1982; x_wconf 93' lang='lat' dir='ltr'>ne-</span> 
     </span>
     <span class='ocr_line' id='line_1_36' title="bbox 103 1999 1209 2051; baseline -0.002 -15"><span class='ocrx_word' id='word_1_276' title='bbox 103 1999 288 2037; x_wconf 87' lang='lat' dir='ltr'>cessarias.</span> <span class='ocrx_word' id='word_1_277' title='bbox 329 2001 434 2038; x_wconf 90' lang='lat' dir='ltr'>Nam</span> <span class='ocrx_word' id='word_1_278' title='bbox 453 2007 490 2038; x_wconf 92' lang='lat' dir='ltr'>et</span> <span class='ocrx_word' id='word_1_279' title='bbox 507 2001 640 2038; x_wconf 83' lang='lat' dir='ltr'>subitae</span> <span class='ocrx_word' id='word_1_280' title='bbox 658 2001 707 2038; x_wconf 87' lang='lat' dir='ltr'>ad</span> <span class='ocrx_word' id='word_1_281' title='bbox 724 2000 931 2051; x_wconf 89' lang='lat' dir='ltr'>propositas</span> <span class='ocrx_word' id='word_1_282' title='bbox 956 2011 1084 2037; x_wconf 87' lang='lat' dir='ltr'>causas</span> <span class='ocrx_word' id='word_1_283' title='bbox 1104 2011 1209 2035; x_wconf 84' lang='lat' dir='ltr'>exer-</span> 
     </span>
     <span class='ocr_line' id='line_1_37' title="bbox 103 2050 1207 2099; baseline -0.001 -11"><span class='ocrx_word' id='word_1_284' title='bbox 103 2050 308 2099; x_wconf 84' lang='lat' dir='ltr'>citationes,</span> <span class='ocrx_word' id='word_1_285' title='bbox 329 2060 366 2091; x_wconf 90' lang='lat' dir='ltr'>et</span> <span class='ocrx_word' id='word_1_286' title='bbox 383 2059 566 2092; x_wconf 77' lang='lat' dir='ltr'>accuratae</span> <span class='ocrx_word' id='word_1_287' title='bbox 592 2061 628 2091; x_wconf 89' lang='lat' dir='ltr'>et</span> <span class='ocrx_word' id='word_1_288' title='bbox 652 2054 841 2092; x_wconf 84' lang='lat' dir='ltr'>meditatae</span> <span class='ocrx_word' id='word_1_289' title='bbox 862 2050 1207 2094; x_wconf 83' lang='lat' dir='ltr'>commentationes,</span> 
     </span>
     <span class='ocr_line' id='line_1_38' title="bbox 102 2104 1211 2158; baseline -0.001 -16"><span class='ocrx_word' id='word_1_290' title='bbox 102 2115 146 2142; x_wconf 80' lang='lat' dir='ltr'>ac</span> <span class='ocrx_word' id='word_1_291' title='bbox 164 2104 270 2144; x_wconf 86' lang='lat' dir='ltr'>stilus</span> <span class='ocrx_word' id='word_1_292' title='bbox 286 2106 351 2145; x_wconf 82' lang='lat' dir='ltr'>ille</span> <span class='ocrx_word' id='word_1_293' title='bbox 379 2113 480 2156; x_wconf 91' lang='lat' dir='ltr'>tuus,</span> <span class='ocrx_word' id='word_1_294' title='bbox 512 2119 627 2158; x_wconf 89' lang='lat' dir='ltr'>quem</span> <span class='ocrx_word' id='word_1_295' title='bbox 657 2114 699 2145; x_wconf 91' lang='lat' dir='ltr'>tu</span> <span class='ocrx_word' id='word_1_296' title='bbox 718 2120 803 2145; x_wconf 86' lang='lat' dir='ltr'>vero</span> <span class='ocrx_word' id='word_1_297' title='bbox 822 2105 950 2144; x_wconf 84' lang='lat' dir='ltr'>dixisti</span> <span class='ocrx_word' id='word_1_298' title='bbox 968 2104 1211 2156; x_wconf 86' lang='lat' dir='ltr'>perfectorem</span> 
     </span>
    </p>
   </div>
  </div>
 </body>
</html>
