1429 2344
147 65 227 104 248
301 63 379 104 DE
399 63 695 116 ORATORE,
725 63 825 102 Lm.
846 62 905 102 11.
935 62 1041 103 CAP.
1057 64 1122 102 54.

155 177 280 224 partes
304 172 524 212 facultatem
553 185 601 211 ex
625 171 760 210 iisdem
789 169 1023 224 suppeditari
1048 170 1154 210 locis.
1197 170 1278 210 Sed

157 233 382 277 argumento
410 226 660 264 resistendum
689 232 758 275 est,
787 233 855 264 aut
887 225 947 273 iis,
982 238 1069 277 quae
1097 237 1279 277 compro-

158 279 276 318 bandi
295 281 375 328 ejus
394 280 506 318 caus‘a
524 285 742 326 sumuntur,
771 277 1103 330 reprehendendis,
1124 286 1193 317 aut
1211 278 1280 316 de-

162 333 422 380 monstrando,
439 333 492 381 id,
509 333 612 384 quod
626 331 847 370 concludere
859 332 918 369 illi
931 333 1063 380 velint,
1083 345 1159 371 non
1180 332 1278 370 effici

164 399 213 424 ex
231 387 446 437 propositis,
473 399 542 424 nec
572 399 650 424 esse
679 398 933 437 consequens:
966 393 1047 434 aut,
1076 385 1108 423 si
1131 387 1186 424 ita
1204 398 1282 424 non

165 439 329 489 refellas,
351 440 585 478 afferendum
604 446 659 478 est
676 439 717 476 in
742 439 968 477 contrariam
991 446 1153 491 partem,
1180 439 1284 491 quod

166 493 215 531 sit
234 501 301 531 aut
318 493 483 544 gravius,
500 500 566 531 3111
581 506 688 544 aeque
707 506 832 542 grave.
862 493 938 530 Illa
952 500 1096 541 autem,
1117 506 1204 544 quae
1217 499 1285 531 aut

167 546 435 585 conciliationis
468 546 582 585 causa
613 547 761 595 leniter,
800 552 867 584 aut
895 546 1141 598 permotionis
1173 546 1285 585 vehe-

169 608 331 649 menter,
352 608 532 651 aguntur,
548 600 742 638 contrariis
757 600 1075 638 commotionibus
1092 599 1289 638 inferenda

171 660 276 703 sunt,
306 661 350 692 ut
369 654 455 692 odio
472 653 749 703 benevolentia,
768 653 1025 692 misericordia
1042 653 1199 723 invidia,
1218 653 1291 691 tol-

170 708 285 746 131111.

225 761 339 800 LIV.
369 761 503 800 Suavis
522 767 651 799 autem
670 767 738 808 est,
760 767 797 799 et
815 761 1058 799 vehementer
1072 773 1170 812 saepe
1183 759 1289 798 utilis

168 816 291 866 jocus,
312 823 349 853 et
366 815 533 861 facetiae,
523 829 532 838 ·
567 828 667 866 quae,
688 814 836 852 etiamsi
854 815 929 852 alia
947 814 1077 852 omnia
1094 813 1192 851 tradi
1210 820 1290 852 arte

172 876 345 921 possunt,
365 876 510 907 naturae
528 875 617 907 sunt
641 868 794 919 propria
812 874 924 916 certe,
944 880 1068 919 neque
1085 867 1207 906 ullam
1227 880 1288 905 ar-

174 931 254 961 tem
273 922 496 960 desiderant.
554 922 603 959 In
623 922 762 973 quibus
781 929 824 959 tu
848 922 962 973 longe
980 921 1078 969 aliis,
1097 921 1186 959 me‘a
1205 933 1291 959 sen-

174 976 308 1025 tentia,
330 975 469 1024 Caesar,
490 976 665 1014 excellis:
696 988 773 1026 quo
795 975 918 1025 magis
915 952 1033 1012 ζ’1111111
1051 975 1166 1013 3113111
1185 974 1290 1013 133113

175 1042 256 1069 3333
273 1037 394 1081 Ρο133,
414 1036 481 1067 aut
498 1030 647 1067 nullam
674 1041 753 1066 esse
779 1036 899 1066 artem
925 1028 1037 1073 salis3
1068 1035 1149 1076 aut,
1165 1027 1197 1066 si
1215 1041 1293 1079 qua

177 1090 247 1131 est,
268 1097 354 1121 eam
371 1096 439 1121 nos
458 1090 501 1120 tu
519 1082 760 1134 potissimum
779 1081 939 1119 docebis.
995 1057 1082 1132 E'go
1109 1094 1211 1130 vero,
1232 1082 1293 1119 in-

177 1137 264 1189 quit
283 1137 423 1184 Caesar,
445 1136 552 1174 omni
576 1136 624 1174 de
648 1149 688 1173 re
708 1135 865 1172 facetius
887 1142 982 1186 puto
1008 1148 1118 1186 posse
1145 1137 1193 1173 ab
1222 1135 1292 1173 ho-

177 1191 284 1229 mine
302 1203 379 1228 non
396 1190 597 1236 inurbano,
619 1201 736 1240 quam
752 1188 822 1226 (13
812 1189 902 1249 ipsis
917 1188 1074 1238 facetiis,
1095 1189 1293 1240 disputari.

180 1241 334 1295 Itaque,
354 1257 443 1282 cum
462 1242 648 1294 quosdam
676 1242 827 1279 Graecos
856 1241 1055 1293 inscriptos
1081 1243 1199 1280 libros
1217 1255 1296 1281 esse

179 1298 358 1338 vidissem
377 1297 424 1334 de
442 1296 623 1344 ridiculis,
655 1296 881 1333 nonnullam
911 1295 952 1332 in
979 1309 1085 1346 spem
1104 1308 1295 1345 veneram,

180 1364 289 1404 posse
307 1364 370 1388 me
388 1350 534 1401 aliquid
553 1362 600 1387 ex
617 1349 697 1387 istis
715 1349 866 1387 discere.
904 1348 1042 1387 Inveni
1060 1356 1189 1387 autem
1206 1349 1297 1387 ridi-

182 1406 270 1444 cula
288 1412 325 1443 et
343 1404 439 1442 salsa
456 1404 580 1441 multa
599 1402 845 1447 Graecorunu
872 1415 964 1440 nam
994 1410 1030 1440 et
1058 1403 1205 1441 Siculi·
1194 1415 1235 1440 m
1254 1415 1298 1442 eo

182 1471 333 1510 genere,
363 1464 401 1495 et
428 1457 586 1505 Rhodii,
618 1464 655 1494 et
671 1456 865 1508 Byzantii,
898 1466 949 1505 et,
980 1463 1115 1507 praeter
1133 1464 1297 1505 caeteros,

183 1512 320 1560 Attici,
341 1511 555 1549 excellunt:
579 1510 656 1557 sed,
677 1510 744 1561 qui
773 1511 854 1559 ejus
880 1510 934 1548 rei
958 1510 1143 1548 rationem
1162 1523 1297 1562 quam-

185 1567 277 1604 dam
302 1565 426 1603 conati
445 1572 534 1602 sunt
552 1571 747 1615 artemque
764 1563 924 1611 tradere,
955 1563 1007 1601 sic
1024 1563 1159 1601 insulsi
1184 1564 1299 1602 exsti-

185 1626 327 1666 terunt,
347 1624 391 1655 ut
409 1618 505 1655 nihil
523 1617 628 1654 aliud
653 1630 799 1664 eorum,
828 1616 901 1654 nisi
918 1616 1000 1667 ipsa
1017 1617 1222 1666 insulsitas,
1248 1617 1300 1655 ri-

186 1673 332 1712 deatur.
362 1671 493 1719 Quare
507 1671 603 1708 mihi
622 1671 728 1708 nullo
747 1670 895 1708 videtur
912 1670 1027 1708 modo
1045 1670 1214 1709 doctrin&c
1226 1670 1300 1709 ista

185 1740 245 1766 res
262 1738 371 1776 posse
394 1724 503 1762 tradi.
545 1723 701 1761 Etenim
730 1736 819 1761 cum
849 1723 925 1761 duo
943 1735 1081 1774 genera
1107 1723 1182 1762 sint
1199 1724 1299 1762 face-

185 1781 342 1827 tiarum,
362 1778 526 1816 alterum
544 1777 777 1829 aequabiliter
789 1777 829 1814 in
844 1777 950 1814 omni
963 1789 1134 1815 sermone
1151 1777 1298 1827 fusum,

187 1834 350 1872 alterum
379 1837 601 1882 peracutum
626 1838 663 1868 et
680 1833 817 1875 breve;
848 1830 915 1868 illa
932 1843 956 1868 a
974 1831 1161 1869 veteribus
1189 1844 1301 1882 supe-

190 1888 266 1927 rior
298 1885 499 1932 cavillatio,
529 1884 610 1922 haec
638 1885 754 1922 altera
786 1883 973 1932 dicacitas,
1007 1884 1202 1922 nominata
1232 1892 1299 1923 est.

190 1941 295 1980 Leve
312 1951 451 1977 nomen
469 1938 584 1976 habet
608 1945 770 1989 utraque
797 1950 879 1982 res;
915 1937 1058 1988 quippe
1085 1937 1168 1976 leve
1197 1938 1300 1976 enim

188 2002 245 2033 est
263 2000 387 2031 totum
405 1992 490 2040 hoc,
521 1991 639 2029 risum
657 2003 820 2029 movere.
860 1991 1137 2029 Verumtamen
1164 1994 1225 2034 (ut
1243 1992 1304 2030 di..

189 2048 256 2096 cis,
276 2045 441 2093 Antoni)
469 2046 638 2083 multum
656 2045 697 2082 in
716 2044 835 2083 causis
862 2057 1028 2096 persaepe
1045 2045 1172 2096 lepore
1191 2052 1228 2083 et
1244 2045 1303 2084 fa-

190 2100 293 2140 cetiis
318 2099 449 2150 profici
467 2098 556 2137 vidi.
585 2098 673 2147 Sed,
694 2110 782 2137 cum
808 2098 848 2136 in
871 2098 938 2136 illo
957 2110 1093 2148 genere
1109 2105 1303 2150 perpetuae

190 2153 400 2195 festivitatis
424 2166 484 2192 ars
511 2165 588 2192 non
618 2152 847 2192 desideretur
878 2154 1031 2197 (natura
1059 2152 1164 2193 enim
1192 2152 1304 2205 fingit
