1407 2324
186 81 263 122 DE
283 80 578 129 οΒΑΤοΒΕ,
608 79 707 118 LIB.
729 77 813 116 111.
842 75 947 114 cu.
969 74 1033 111 41.
1089 44 1177 110 333:

67 190 180 240 longe
203 190 361 240 repetita
385 200 558 232 sumere;
589 187 649 225 vel
674 185 777 237 quod
795 185 840 231 is,
861 181 927 234 qui
946 180 1066 227 audit,
1094 177 1170 216 alio

67 243 218 281 ducitur
235 243 471 292 cogitatione,
490 254 614 292 neque
633 248 760 277 tamen
779 240 926 276 aberrat
944 238 1046 285 (quae
1060 244 1170 270 max-

66 296 146 334 ima
170 303 226 334 est
250 295 488 341 delectation
518 295 578 332 vel
603 293 704 344 quod
730 291 887 342 singulis
913 287 1034 327 verbis
1052 299 1110 324 res
1128 297 1181 322 aer

69 357 192 387 totum
211 349 333 387 simile
359 348 578 391 conticitum
609 347 668 385 vel
693 345 795 397 quod
820 343 942 382 omnis
961 338 1169 385 translatio,

70 416 156 453 quae
182 402 337 453 quidem
364 409 489 440 sumta
516 401 660 438 ratione
685 408 753 446 est,
774 399 822 436 ad
841 409 969 435 sensus
987 395 1087 444 ipsos
1106 391 1173 429 ad-

69 464 257 502 movetur,
286 456 455 493 maxime
483 455 692 498 oculorum,
727 453 794 502 qui
827 458 881 488 est
913 461 1041 486 sensus
1073 457 1174 483 acer-

70 510 201 547 rimus.
241 509 346 547 Nam
373 516 410 546 et
436 510 528 544 odor
546 506 782 553 urbanitatis,
811 511 847 541 et
876 502 1075 540 mollitudo
1100 498 1174 535 hu·
1219 501 1222 504 ’

70 562 275 609 manitatis,
304 570 341 600 et
364 575 548 599 ‘murmur
577 560 706 605 maris,
735 567 771 596 et
799 558 957 595 dulcedo
983 551 1174 599 orationis,

71 624 160 654 sunt
187 615 300 653 ducta
331 629 353 652 a
381 615 522 653 caeteris
553 613 745 651 sensibus:
776 611 842 648 illa
867 623 953 648 vero
979 607 1180 645 oculorum-

69 669 193 707 multo
208 669 361 715 acriora,
383 682 468 720 quae
487 674 634 719 ponunt
647 677 754 716 paene
772 665 812 701 in
827 670 1026 712 conspectu
1041 658 1174 705 animi,

72 736 159 774 quae
177 734 325 760 cernere
344 730 380 759 et
399 721 522 759 videre
541 732 617 757 non
636 731 848 769 possumus.
878 715 990 754 Nihil
1005 721 1059 751 est
1074 711 1176 750 enim

71 776 112 813 in
138 788 264 813 rerum
290 775 440 821 natura,
468 775 577 822 cujus
602 785 669 810 nos
697 783 770 808 non
797 771 836 808 in
859 769 942 806 aliis
961 769 1072 805 rebus
1090 777 1176 816 pos-

74 830 192 867 simus
221 828 278 866 uti
307 828 490 866 vocabulo
518 837 555 864 et
583 825 760 863 nomine:
791 823 892 860 unde
921 821 1020 860 enirn
1053 818 1177 857 simile

74 882 162 920 duci
180 888 302 932 potest
317 884 456 932 (potest
469 887 596 918 autem
613 891 659 916 ex
678 878 886 924 omnibus),
907 873 1076 912 indidem
1095 884 1177 909 ver-

72 937 316 982 bumvunum,
332 934 434 986 quod
446 932 731 971 similitudinem
745 930 922 976 continet,
936 927 1176 972 translatum,

72 990 204 1027 lumen
234 987 342 1025 affert
365 987 535 1025 orationi.
566 986 655 1033 Quo
673 985 713 1021 in
731 995 866 1033 genere
883 982 1052 1032 primurn
1077 978 1180 1028 fugi..

74 1041 173 1080 enda
196 1048 251 1079 est
279 1039 569 1078 dissimilitudo:
601 1041 629 1060 ‘⁶
651 1037 746 1076 Coeli
771 1037 941 1087 ingentes
967 1032 1125 1071 fornices
1139 1031 1179 1068 :'’

75 1095 250 1146 quamvis
282 1094 468 1145 sphaeram
495 1093 535 1130 in
563 1104 713 1129 scenam
745 1094 805 1133 (ut
832 1089 984 1133 dicitur)
1014 1084 1183 1123 attulerit

75 1148 251 1192 Ennius3
280 1154 408 1186 tamen
436 1147 477 1185 in
506 1145 654 1198 sphaera
681 1143 834 1182 fornicis
864 1139 1072 1180 similitudo
1101 1149 1178 1176 non

76 1209 200 1254 potest
217 1201 349 1240 inesse.

363 1276 392 1297 “
407 1274 521 1322 Vive,
540 1273 712 1325 Ulysses,
732 1271 827 1309 dum
845 1270 955 1308 licet:

130 1328 265 1368 Oculis
282 1335 517 1380 postremum
535 1327 667 1364 lumen
687 1325 878 1363 radiatum
896 1321 1027 1374 rape.''

79 1418 172 1456 Non
198 1416 309 1459 dixit,
338 1429 431 1466 cape
442 1430 456 1462 ,·
486 1427 577 1462 non,
597 1420 711 1464 pete:
742 1412 897 1449 haberet
916 1408 1018 1446 enim
1036 1417 1185 1444 moram

80 1470 262 1522 sperantis
280 1470 423 1508 diutius
443 1481 520 1507 esse
539 1480 617 1505 sese
635 1467 852 1509 victurum3
883 1462 946 1500 sed
964 1473 1082 1509 rape:
1113 1459 1186 1496 hoc

80 1526 239 1563 verbum
258 1530 314 1561 est
331 1523 380 1560 ad
403 1522 443 1560 id
461 1528 648 1572 aptatum,
669 1518 771 1570 quod
790 1525 877 1555 ante
901 1515 1062 1561 dixerat,
1089 1515 1186 1551 dum

80 1579 180 1616 licet.
230 1576 381 1614 Deinde
412 1574 620 1614 videndum
653 1580 722 1621 est,
760 1583 808 1609 ne
838 1570 951 1619 longe
984 1566 1106 1606 simile
1138 1565 1186 1604 sit

82 1631 253 1669 ductum.

136 1683 250 1722 XLI.
273 1684 416 1733 Syrtim
433 1681 675 1731 patrimonii,
694 1677 891 1728 scopulum
910 1674 1089 1713 libentius
1103 1672 1188 1710 dix-

84 1738 204 1783 erim;
237 1738 470 1787 Charybdim
488 1736 688 1781 bonorum,
712 1733 933 1780 voraginem
952 1727 1102 1780 potius:
1132 1726 1189 1762 fa-

85 1792 194 1829 cilius
209 1791 310 1828 enim
326 1790 374 1828 ad
389 1803 433 1827 ea
451 1802 536 1839 quae
555 1788 647 1834 visa,
668 1798 784 1837 quam
804 1784 852 1822 ad
870 1784 937 1821 illa
955 1794 1040 1832 quae
1059 1778 1189 1816 audita

85 1852 188 1891 sunt,
209 1843 346 1882 mentis
371 1843 471 1881 oculi
497 1841 682 1880 feruntur.
723 1839 791 1885 Et,
817 1836 999 1888 quoniam
1024 1834 1105 1870 haec
1129 1831 1190 1868 vel

86 1910 238 1936 summa
254 1898 337 1934 laus
356 1902 410 1934 est
428 1895 549 1933 verbis
565 1891 843 1938 transferendis,
860 1897 904 1927 ut
917 1899 1068 1926 sensum
1083 1884 1192 1922 feriat.

87 1951 142 1998 id,
171 1950 274 2001 quod
297 1949 522 1988 translatum
548 1947 619 1992 sit;
648 1945 828 1996 fugienda
853 1951 907 1980 est
929 1939 1051 1979 onmis
1070 1937 1191 1987 turpi-

88 2003 182 2041 tudo
199 2015 329 2041 earum
347 2014 489 2048 rerum,
515 2000 564 2038 ad
588 2012 683 2051 quas
709 2010 839 2036 eorum
858 1995 1016 2040 animos,
1038 1991 1104 2042 qui
1123 2003 1192 2028 au-

90 2056 214 2103 diunt,
243 2057 365 2094 trahet
390 2053 609 2093 similitudo.
656 2052 760 2090 Nolo
778 2056 900 2088 morte
917 2047 992 2084 dici
1015 2043 1192 2082 Africani

88 2115 296 2147 castratam
332 2121 410 2147 esse
436 2106 736 2158 rempublicmn:
776 2103 864 2141 nolo
893 2108 1038 2139 stercus
1068 2098 1193 2135 curiae

91 2162 165 2202 dici
198 2161 424 2201 Glauciam:
459 2160 633 2212 quamvis
665 2159 713 2197 sit
743 2156 881 2202 simile,
915 2162 1042 2192 tamen
1070 2157 1126 2190 est
1152 2149 1193 2188 in
