1407 2308
272 48 349 89 DE
368 49 660 100 ORATORE,
692 50 789 90 LIB·
812 50 845 89 1.
875 50 978 90 Car.
996 50 1033 95 7.
1138 50 1212 88 129

109 167 225 206 prope
242 168 422 195 consensu
448 165 504 196 est
526 158 741 196 tributum:
772 165 1027 210 repetamque,
1058 168 1134 194 non
1162 158 1211 194 ab

107 207 345 248 incunabulis
355 217 490 249 nostrae
505 212 636 250 veteris
650 212 879 263 puerilisque
892 211 1069 249 doctrinae
1078 222 1213 261 quem-

106 260 195 299 dam
214 262 383 322 ordinem
410 272 696 315 praeceptorum,
728 265 792 303 sed
817 278 874 313 ea,
905 278 991 316 quae
1017 263 1210 315 quondam

104 326 229 365 accepi
245 316 286 353 in
300 324 513 355 nostrorum
531 318 746 366 hominum,
766 317 1156 370 eloquentissimorum
1175 323 1214 353 et

106 368 211 405 omni
228 369 411 420 dignitate
433 371 663 422 principum,
682 372 933 423 disputatione
948 383 1024 409 esse
1042 376 1186 408 versata
1199 383 1211 406 ε

106 433 183 459 non
201 423 304 472 quod
322 423 389 461 illa
406 431 659 472 contemnam,
680 439 766 476 quae
792 425 928 472 Graeci,
955 423 1102 462 dicendi
1120 422 1212 460 arti-

108 474 194 534 fices
213 482 249 513 et
266 476 446 525 doctores,
466 478 723 529 reliquerunt3
754 478 832 526 sed,
853 491 941 515 cum
959 477 1026 514 illa
1042 483 1211 528 pateant,

109 540 149 565 m
163 536 393 581 promtuque
411 531 486 568 sint
503 532 693 578 omnibus,
710 544 832 583 neque
851 544 895 568 ea
910 529 1216 581 interpretatione

111 582 198 619 mea
216 589 282 619 aut
299 584 467 622 ornatius
491 584 670 636 explicari
688 591 754 622 aut
778 584 928 636 planius
942 582 1102 634 exprimi
1127 595 1216 633 pos-

112 634 199 682 sint,
220 635 326 674 dabis
345 637 441 675 hanc
461 638 624 686 veniam,
643 638 698 675 mi
712 638 839 686 frater,
859 645 902 674 ut
916 637 1062 688 opinor,
1091 643 1135 672 ut
1153 648 1216 673 eo-

113 700 214 735 rum,
235 689 372 740 quibus
387 703 537 728 summa
555 691 701 729 dicendi
714 691 797 728 laus
812 704 834 728 a
847 691 981 727 nostris
998 688 1218 727 hominibus

114 753 285 780 concessa
298 750 366 791 est,
385 745 644 782 auctoritatem
665 744 805 782 Graecis
823 751 1063 794 anteponam.

168 794 266 833 VII.
296 796 395 834 Cum
416 797 531 848 igitur
545 797 802 835 vehementius
819 797 1056 834 inveheretur
1073 795 1112 832 in
1129 808 1217 833 cau-

114 861 194 887 sam
212 850 427 901 principum
446 851 576 888 consul
598 851 813 902 Philippus,
834 849 1027 900 Drusique
1046 848 1217 886 tribuna-

111 910 186 951 tus,
214 916 283 953 pro
307 906 455 941 senatus
474 904 691 942 auctoritate
718 910 924 953 susceptus,
954 902 1110 952 infringi
1134 902 1216 951 jam

110 956 371 1007 debilitarique
389 957 600 1002 videretur3
628 956 701 994 dici
725 957 821 994 mihi
839 955 1011 1003 memini,
1036 955 1216 992 ludorum

111 1009 374 1048 Romanorum
403 1010 549 1059 diebus,
581 1011 629 1048 L.
657 1010 850 1057 Crassum,
881 1009 989 1060 quasi
1018 1008 1218 1058 colligendi

112 1062 171 1100 sui
189 1063 315 1111 causa,
336 1076 375 1102 se
399 1063 438 1100 in
458 1064 722 1102 Tusculanum
742 1063 965 1101 contulisse:
993 1062 1136 1100 venisse
1155 1073 1218 1099 eo-

112 1116 214 1165 dem,
238 1115 359 1165 [socer
377 1118 457 1166 ejus
479 1117 546 1168 qui
570 1116 728 1168 fuerat,]
753 1116 922 1164 Quintus
942 1115 1099 1153 Mucius
1118 1114 1217 1152 dice-

111 1170 238 1217 batur,
269 1177 306 1208 et
324 1170 384 1208 M.
400 1171 608 1218 Antonius,
638 1170 753 1208 homo
779 1176 815 1207 et
843 1168 1083 1207 consiliorum
1101 1168 1141 1205 in
1160 1180 1219 1205 re-

111 1223 265 1273 publica
292 1224 425 1271 socius,
452 1231 489 1262 et
516 1224 668 1261 summa
696 1236 784 1261 cum
812 1223 946 1260 Crasso
965 1221 1219 1260 familiaritate

112 1278 345 1326 conjunctus.
374 1277 559 1315 Exierant
576 1283 704 1315 autem
723 1289 810 1314 cum
835 1276 917 1327 ipso
940 1275 1074 1313 Crasso
1092 1273 1218 1311 adole-

114 1337 255 1368 scentes
284 1330 374 1374 duo..
402 1330 521 1368 Drusi
538 1330 706 1368 maxime
723 1329 939 1376 familiares,
966 1335 1003 1366 et
1020 1328 1060 1364 in
1079 1327 1218 1378 quibus

112 1395 294 1432 magnam
311 1391 396 1422 tum
415 1396 520 1434 spem
538 1384 701 1432 majores
725 1389 817 1419 natu
836 1381 1028 1432 dignitatis
1046 1393 1124 1418 suae
1142 1380 1218 1417 col-

113 1436 294 1482 locarant,
315 1436 359 1474 C.
377 1437 502 1484 Cotta,
523 1436 590 1487 qui
607 1443 691 1473 tum
716 1435 950 1473 tn’bunatum
970 1433 1089 1485 plebis
1113 1439 1218 1484 pete-

114 1491 193 1536 bat,
214 1496 251 1527 et
270 1490 315 1526 P.
332 1489 535 1540 Sulpicius,
555 1489 622 1540 qui
649 1488 821 1539 deinceps
841 1501 929 1525 eum
953 1487 1218 1537 magistratum

113 1542 299 1593 petiturus
317 1544 532 1594 putabatur.
563 1542 619 1579 Hi
637 1542 760 1592 primo
779 1541 839 1578 die
857 1541 904 1579 de
921 1539 1153 1591 temporibus
1171 1539 1218 1576 il,

113 1596 174 1644 lis,
194 1595 316 1646 deque
333 1596 508 1634 universa
532 1595 738 1646 republica,
765 1597 898 1645 (quam
917 1595 966 1632 ob
985 1605 1136 1631 causam
1156 1605 1220 1630 ve-

113 1655 263 1696 nerant)
282 1649 450 1686 multum
468 1649 566 1686 inter
583 1661 622 1686 se
639 1661 760 1699 usque
774 1647 822 1685 ad
841 1654 1054 1685 extremum
1068 1653 1221 1696 tempus

114 1701 189 1739 diei
214 1702 388 1740 collocuti
413 1709 511 1740 sunt.
542 1701 632 1749 Quo
658 1701 812 1752 quidem
836 1701 876 1737 in
907 1711 1076 1738 sermone
1094 1698 1219 1736 multa

114 1754 294 1793 divinitus
323 1768 347 1793 a
364 1755 484 1793 tribus
511 1755 587 1794 illis
610 1754 868 1792 consularibus
888 1753 1000 1791 Cotta
1026 1752 1219 1802 deplorata

114 1815 152 1846 et
169 1815 462 1846 commemorata
478 1809 667 1855 narrabat,
694 1814 738 1844 ut
756 1807 853 1844 nihil
876 1806 1066 1844 incidisset
1089 1811 1219 1855 postea

114 1861 257 1899 civitati
273 1861 380 1909 mali,
401 1861 504 1912 quod
522 1873 598 1898 non
622 1860 841 1911 impendere
858 1859 916 1896 illi
934 1865 1038 1896 tanto
1058 1865 1144 1894 ante
1162 1856 1219 1893 vi-

114 1914 277 1952 dissent:
299 1926 342 1952 eo
356 1921 484 1952 autem
502 1914 608 1951 onmi
629 1925 799 1951 sermone
813 1912 993 1959 confecto,
1014 1917 1159 1947 tantam
1177 1909 1218 1945 in

115 1966 250 2006 Crasso
270 1967 547 2005 humanitatem
572 1967 702 2014 fuisse,
721 1973 778 2013 ut,
799 1977 888 2004 cum
908 1964 1003 2002 lauti
1023 1961 1218 2001 accubuis-

113 2025 210 2068 sent,
237 2020 429 2058 tolleretur
455 2019 579 2059 omnis
596 2020 662 2058 illa
680 2018 878 2070 superioris
902 2016 1053 2055 tristitia
1078 2027 1218 2052 sermo·

115 2071 187 2120 niS,
213 2085 331 2124 eaque
349 2079 444 2111 esset
467 2073 507 2111 in
533 2073 687 2112 homine
708 2071 940 2121 jucunditas,
970 2076 1008 2108 et
1026 2074 1153 2106 tantus
1177 2066 1217 2104 in

111 2125 270 2175 jocando
282 2126 400 2177 lepos,
419 2132 463 2163 ut
476 2126 554 2164 dies
572 2127 669 2164 inter
682 2137 744 2163 eos
758 2124 871 2163 curiae
883 2123 998 2161 fuisse
1016 2121 1218 2167 videretur,

115 2177 328 2218 convivium
358 2178 581 2219 Tusculani.
623 2179 776 2219 Postero
802 2184 930 2216 autem
948 2174 1023 2224 die,
1049 2185 1136 2214 cum
1162 2172 1221 2214 illi
