1407 2308
206 70 283 110 DE
304 70 689 119 INVENTIONE,
712 71 808 110 Lm.
827 70 882 109 11.
904 71 1007 111 CAr‘.
1024 73 1087 110 40.
1121 74 1189 112 101

102 178 288 229 postulet:
319 184 448 216 contra
471 186 598 216 autem
625 178 672 216 de
696 177 856 229 pecunia
879 179 1104 226 ratiocinari,
1124 192 1202 217 sor-

102 230 236 268 didum
255 244 346 278 esse,
366 244 454 269 cum
473 231 519 269 de
537 232 658 281 gratia
676 231 868 269 referenda
886 231 1135 277 deliber-etun
1166 241 1203 271 et

104 296 143 321 se
160 295 237 321 non
254 283 418 334 pretium
438 297 506 335 pro
523 284 634 332 facto,
663 284 726 322 sed
744 285 924 322 honorem
945 283 1018 334 [ita
1035 292 1079 322 ut
1096 285 1204 323 facti-

102 343 226 374 tatum
245 337 311 388 sit]
331 350 400 387 pro
417 337 610 384 beneficio,
639 338 838 388 postulare.
880 337 942 375 Ac
961 338 1007 376 de
1025 338 1205 376 constitu-

104 389 269 427 tionibus
294 389 448 441 quidem
474 391 561 428 satis
586 390 729 428 dictum
755 397 832 428 est·
863 403 963 428 nunc
989 391 1062 428 de
1052 391 1097 428 113
1116 404 1204 429 0011-

105 443 304 492 troversiis,
333 456 419 494 quae
449 443 489 481 in
519 444 654 495 scripto
683 451 890 492 versantur,
921 444 1122 482 dicendum
1148 444 1204 482 vi-

106 494 225 532 detur.

159 547 250 585 XL.
291 548 342 586 In
374 549 510 599 scripto
542 557 708 587 versatur
740 550 999 597 controversia,
1036 563 1124 588 cum
1158 564 1204 588 ex

106 601 315 651 scriptionis
333 602 475 640 ratione
500 602 645 653 aliquid
669 603 776 640 dubii
799 603 974 640 nascitur.
1015 603 1064 640 Id
1091 604 1135 640 fit
1159 617 1206 641 ex

106 654 302 704 ambiguo,
331 667 378 692 ex
405 655 540 715 scripto
566 663 603 693 et
621 656 816 703 sententia,
838 669 884 693 ex
903 656 1095 693 contrariis
1112 657 1206 706 legi-

108 708 193 753 bus,
222 720 269 744 ex
294 708 586 757 ratiocinatione,
613 721 660 746 ex
679 709 905 746 definitione.
944 709 1008 746 Ex
1027 710 1207 770 ambiguo

108 767 236 798 autem
250 760 414 799 nascitur
428 762 687 809 controversia,
704 775 806 809 011111,
822 761 915 812 (111111
929 763 1081 799 senserit
1094 763 1209 813 scrip-

108 820 180 858 tor,
209 815 410 851 obscurum
437 822 504 862 est,
532 814 634 866 quod
653 815 833 865 scriptum
851 815 945 853 duas
962 815 1134 865 pluresve
1151 829 1210 853 res

109 866 306 915 significat,
346 867 396 904 ad
430 867 532 904 hunc
567 867 749 918 mpdum:
792 867 1080 917 Paterfamilias,
1119 881 1208 906 cum

109 919 232 956 filium
257 919 444 957 haeredem
468 920 618 969 faceret,
646 933 819 959 vasorum
845 928 1106 971 argenteorum
1124 934 1210 959 cen-

110 979 195 1009 tum
226 972 351 1023 pondo
378 974 489 1011 uxori
521 986 597 1011 suae
625 974 676 1012 sic
702 974 864 1024 legavit.
896 976 924 996 “
941 974 1074 1012 Haeres
1101 988 1210 1013 meus

110 1025 220 1063 uxori
255 1038 350 1063 meae
385 1039 559 1064 vasorum
591 1034 854 1088 argenteorum
884 1027 1010 1078 pondo
1042 1036 1209 1076 centurn,

111 1091 197 1129 quae
211 1079 323 1126 volet,
343 1079 441 1117 dato.
446 1080 471 1097 ”
499 1080 592 1117 Post
609 1088 771 1118 mortem
789 1081 883 1129 ejus,
904 1094 992 1118 vasa
1008 1081 1211 1131 magnifica

111 1139 149 1169 et
171 1131 331 1182 pretiose
355 1133 484 1170 caelata
511 1133 605 1184 petit
633 1146 656 1171 a
680 1134 758 1171 6110
782 1141 926 1172 mater:
955 1134 1021 1171 ille
1046 1147 1098 1182 se,
1125 1148 1212 1185 quae

108 1185 189 1235 ipse
213 1185 338 1233 vellet,
365 1186 499 1224 debere
527 1186 628 1224 dicit.
669 1186 860 1235 Primum,
891 1187 923 1225 si
951 1187 1033 1225 fieri
1059 1188 1209 1247 poterit,

111 1238 447 1277 demonstrandum
479 1247 547 1288 est,
580 1251 656 1277 non
689 1253 766 1278 esse
797 1240 975 1291 ambigue
1003 1241 1209 1291 scriptum3

112 1298 308 1342 propterea
325 1293 428 1342 quod
446 1305 589 1340 omnes,
608 1292 649 1330 in
668 1293 936 1331 consuetudine
950 1293 1143 1341 sermonis,
1159 1294 1211 1332 sic

113 1345 170 1381 uti
195 1345 338 1382 soleant
355 1358 398 1383 eo
417 1347 529 1384 verbo
546 1358 624 1383 uno
649 1347 867 1396 pluribusve
892 1346 932 1383 in
958 1359 1042 1384 eam
1067 1353 1214 1384 senten-

112 1397 220 1445 tiam,
249 1397 289 1434 in
314 1411 431 1448 quam
455 1399 501 1447 is,
529 1399 595 1450 qui
620 1399 731 1447 dicet,
759 1399 1018 1459 accipiendum
1043 1412 1120 1437 esse
1147 1399 1212 1437 de-

111 1451 346 1488 monstrabit.
400 1451 562 1500 Deinde,
596 1464 643 1489 ex
675 1453 864 1502 superiore
895 1459 931 1490 et
963 1465 1010 1490 ex
1040 1452 1215 1491 inferiore

113 1503 296 1554 scriptura
314 1504 539 1565 docendum,
558 1505 611 1553 id,
633 1506 735 1565 quod
753 1513 957 1556 quaeratur,
977 1505 1058 1543 fieri
1070 1507 1214 1566 perspi-

115 1570 242 1594 cuum.
283 1556 414 1604 Quare
432 1558 463 1595 si
480 1557 562 1608 ipsa
580 1559 780 1608 separatim
798 1571 847 1596 ex
865 1571 902 1596 se
916 1560 1030 1596 verba
1047 1559 1213 1597 conside-

115 1617 259 1658 rentur,
288 1610 430 1659 omnia,
458 1618 525 1648 aut
553 1611 745 1662 pleraque,
775 1611 956 1672 ambigua
986 1611 1110 1650 visum
1142 1612 1213 1650 iri:

115 1677 202 1713 quae
219 1671 347 1702 autem
366 1676 413 1701 ex
432 1664 537 1702 omni
562 1665 793 1702 considerata
817 1665 1005 1725 scriptura
1019 1665 1216 1716 perspicua

115 1717 222 1764 fiant,
240 1717 322 1755 haec
335 1717 516 1767 ambigua
529 1730 606 1756 non
619 1725 788 1768 oportere
802 1718 1019 1756 existimari.
1049 1718 1213 1767 Deinde,

115 1769 193 1820 (1113
206 1770 247 1807 111
261 1770 444 1808 sententia
461 1771 617 1821 scriptor
634 1771 761 1820 fuerit,
782 1785 829 1809 ex
848 1771 987 1809 caeteris
1002 1772 1082 1820 ejus
1101 1772 1216 1822 scrip-

114 1823 177 1870 tis,
197 1822 317 1872 factis,
343 1823 465 1872 dictis,
485 1824 626 1872 animo,
647 1831 760 1875 atque
779 1824 857 1862 vita
875 1825 969 1873 ejus,
989 1824 1089 1862 sumi
1107 1838 1217 1875 opor-

116 1876 234 1921 tebit;
265 1883 302 1914 et
326 1889 410 1914 eam
434 1877 556 1927 ipsam
581 1877 818 1928 scripturam,
838 1877 878 1914 in
897 1877 975 1928 (1113
992 1877 1103 1915 inerit
1121 1877 1218 1914 illud

113 1929 355 1979 ambiguum,
375 1929 422 1967 de
436 1943 512 1981 quo
530 1930 724 1981 quaeritur,
744 1937 863 1968 totam
881 1930 1057 1968 omnibus
1072 1943 1118 1967 ex
1132 1943 1219 1980 par-

116 1982 218 2020 tibus
245 1990 469 2032 pertentare,
499 1984 530 2021 si
557 1983 650 2035 quid
679 1990 745 2021 aut
768 1983 817 2020 ad
841 1983 881 2020 id
910 1984 1124 2034 appositum
1154 1983 1215 2031 sit,

117 2035 220 2085 quod
248 2047 316 2074 nos
346 2036 647 2087 interpretemur,
680 2043 746 2074 aut
777 2037 825 2083 ei,
856 2037 958 2088 quod
986 2035 1216 2073 adversarius

118 2088 318 2138 intelligat,
347 2089 571 2128 adversetur.
615 2091 721 2127 Nam
749 2089 871 2136 facile,
901 2089 993 2139 quid
1019 2088 1218 2126 verisimile

119 2140 165 2184 sit
191 2153 278 2179 eum
305 2142 463 2187 voluisse
489 2144 554 2194 qui
580 2143 737 2195 scripsit,
766 2156 811 2180 ex
838 2143 942 2180 omni
968 2141 1162 2192 scriptura,
1184 2149 1220 2179 et

819 2207 846 2232 K
876 2197 900 2232 3
