1429 2344
136 86 188 124 32
244 84 320 124 DE
345 82 737 134 ΙΝνΕΝΤΙοΝΕ,
771 83 868 122 LIB.
892 84 926 123 1.
957 83 1145 124 cmm.

143 193 407 240 controversia,
428 193 505 231 sive
523 191 562 230 in
582 192 739 240 ratione,
760 192 837 230 sive
854 192 895 230 in
914 192 1051 243 scripto
1075 200 1257 243 versetur,

145 247 296 286 tractari
320 247 468 295 debeat,
495 253 532 284 et
556 258 643 297 quae
661 246 701 283 in
721 259 891 297 quasque
912 247 1258 296 argumentationes

147 301 386 349 conveniant,
414 299 635 350 singillatim
661 299 702 337 in
722 300 886 338 secundo
903 300 1000 337 libro
1019 299 1066 338 de
1085 312 1259 352 unoquo-

148 368 224 405 que
243 367 378 405 genere
396 354 576 392 dicemus.
621 353 670 390 In
688 353 887 403 praesentia
904 354 1171 392 tantummodo
1186 366 1260 392 nu-

148 421 286 455 meros,
315 414 351 446 et
369 408 515 454 modos,
537 414 574 444 et
592 413 715 457 partes
734 407 1026 456 argumentandi
1044 407 1199 445 confuse
1224 415 1262 446 et

149 461 337 513 permixte
351 461 617 511 dispersimus:
639 468 725 510 post
738 459 894 497 discrete
909 468 945 497 et
959 460 1095 498 electe
1086 473 1126 498 m
1141 474 1262 512 genus

150 515 330 566 quodque
349 528 483 563 causae,
505 514 599 565 quid
618 514 766 564 cuique
773 514 983 563 conveniat,
1000 526 1048 551 ex
1066 513 1138 552 hac
1153 515 1262 566 copia

150 569 376 619 digeremus.

191 600 367 673 ὅΑἵφιε
356 634 422 660 mv
424 620 518 659 eniri
544 620 700 672 quidem
727 620 851 658 omnis
876 633 923 658 ex
948 620 1007 658 his
1031 620 1124 659 locis
1149 635 1263 672 argu-

152 675 335 714 mentatio
366 675 527 726 poterit:
558 675 753 712 inventam
782 674 969 722 exornari,
1003 681 1041 712 et
1073 682 1190 713 certas
1221 675 1262 712 in

153 737 277 781 partes
303 729 500 779 distingui,
526 735 564 766 et
589 727 856 766 suavissimum
879 735 948 775 est,
969 735 1006 766 et
1024 740 1174 766 summe
1197 741 1265 766 ne-

153 782 372 831 cessarium,
402 790 439 820 et
464 784 512 820 ab
538 782 628 820 artis
654 781 896 832 scriptoribus
921 781 1092 820 maxime
1115 783 1265 833 neglec-

155 845 264 875 tum:
295 849 413 888 quare
439 842 475 874 et
493 836 540 874 de
566 836 610 874 ea
635 835 884 886 praeceptione
908 835 1018 873 nobis
1035 835 1076 873 in
1094 835 1266 874 hocloco

155 890 359 928 dicendum
379 889 503 927 visum
523 896 591 938 est,
618 896 662 926 ut
687 889 736 926 ad
759 889 1017 926 inventionem
1035 890 1264 939 argumenti,

155 944 342 982 absolutio
374 956 526 995 quoque
557 942 850 993 argumentandi
881 942 1165 993 adjungeretur.
1211 943 1267 981 Et

156 997 299 1048 magna
317 1010 406 1035 cum
425 997 516 1035 curfia
541 1004 578 1034 et
603 996 800 1047 diligentia
817 997 923 1034 locus
948 996 1010 1034 hic
1028 996 1152 1034 omnis
1177 1009 1266 1034 con-

156 1051 376 1090 siderandus
403 1058 471 1099 est,
498 1050 601 1102 quod
627 1062 703 1088 non
728 1050 853 1088 solum
879 1050 934 1087 rei
958 1062 1100 1100 magna
1124 1051 1267 1089 utilitas

156 1112 225 1152 est,
247 1105 311 1142 sed
329 1104 571 1155 praecipiendi
591 1116 743 1155 quoque
762 1116 914 1141 summa
931 1103 1144 1142 difficultas.

212 1158 374 1196 XXXI.
405 1158 544 1196 Orrmis
573 1157 690 1208 igitur
714 1157 992 1207 argumentatio
1022 1164 1089 1195 aut
1117 1171 1184 1208 per
1208 1157 1268 1196 in-

158 1213 376 1250 ductionem
408 1211 602 1249 tractanda
634 1217 701 1259 est,
735 1218 802 1248 aut
831 1224 898 1262 per
930 1211 1266 1260 ratiocinationem.

159 1266 338 1304 Inductio
363 1272 418 1304 est
442 1265 573 1313 oratio,
595 1278 680 1316 quae
699 1266 811 1302 rebus
828 1277 905 1302 non
924 1264 1049 1302 dubiis
1068 1271 1193 1316 captat
1211 1278 1269 1304 as-

158 1320 370 1358 sensionem
390 1319 486 1368 ejus,
508 1319 667 1370 quicum
685 1318 858 1356 instituta
876 1325 954 1356 est:
984 1318 1124 1369 quibus
1142 1331 1269 1357 assen-

158 1373 328 1412 sionibus
355 1372 459 1421 facit,
493 1380 536 1410 ut
564 1372 622 1409 illi
654 1371 772 1410 dubia
803 1372 980 1423 quaedam
1011 1384 1083 1421 res,
1116 1380 1271 1424 propter

159 1426 449 1465 similitudinem
475 1438 606 1464 earum
625 1438 752 1463 rerum
775 1425 914 1476 quibus
940 1426 1108 1474 assensit,
1135 1426 1284 1476 probe-'

158 1488 247 1527 tur3
269 1481 386 1528 velut,
407 1479 510 1531 apud
529 1479 761 1518 Socraticum
780 1479 1018 1527 AEschinem,
1039 1479 1271 1518 demonstrat

159 1536 342 1582 Socrates,
369 1547 458 1572 cum
485 1533 751 1584 Xenophontis
776 1545 896 1570 uxore
920 1539 957 1570 et
982 1546 1071 1570 cum
1089 1533 1171 1584 ipso
1189 1533 1270 1571 Xe-

159 1588 353 1639 nophonte
371 1587 577 1637 Aspasiam
589 1587 780 1624 locutam:
803 1586 878 1624 Dic
896 1586 1006 1634 mihi,
1027 1599 1169 1637 quaeso,
1190 1586 1271 1625 Xe-

159 1641 363 1693 nophontis
388 1654 499 1688 uxor,
527 1640 558 1678 si
583 1640 705 1678 vicina
723 1648 790 1677 tua
807 1639 943 1677 melius
961 1640 1099 1677 habeat
1117 1653 1270 1689 aurum,

162 1708 280 1746 quam
295 1701 337 1732 tu
355 1694 485 1741 habes,
506 1700 637 1732 utrum
656 1693 759 1731 illius
777 1705 826 1730 an
841 1700 953 1731 tuum
971 1694 1114 1732 malis?
1144 1693 1270 1742 Illius,

160 1749 298 1800 inquit.
342 1747 450 1794 Quid
469 1747 500 1784 si
518 1754 674 1795 vestem,
695 1754 732 1784 et
750 1754 927 1785 caeterum
941 1753 1116 1784 ornatum
1135 1748 1273 1786 mulie-

161 1804 269 1841 brem
288 1801 399 1852 pretii
417 1801 571 1850 majoris
588 1801 738 1850 habeat,
761 1813 878 1852 quam
897 1807 940 1837 tu
958 1800 1088 1849 habes,
1109 1807 1272 1840 tuumne

157 1869 213 1894 an
230 1856 333 1893 iuius
351 1855 494 1893 malis?
524 1855 636 1893 Illius
655 1868 756 1902 vero,
776 1854 978 1905 respondit.
1007 1854 1110 1905 Age,
1130 1855 1271 1906 inquit,

163 1910 195 1948 si
214 1909 340 1947 virum
364 1908 431 1946 ina
457 1908 653 1946 meliorem
677 1908 827 1956 habeat,
855 1921 973 1958 quam
990 1914 1040 1945 ‘tu
1065 1907 1196 1956 habes,
1217 1908 1274 1946 vi-

163 1975 301 2000 rumne
325 1969 438 1999 tuum
463 1975 512 2000 an
537 1962 638 2000 sslius
662 1962 805 1999 malis?
835 1961 915 2000 Hic
941 1961 1081 1999 mulier
1108 1962 1271 2000 erubuit.

164 2016 330 2067 Aspasia
348 2023 476 2053 autem
495 2029 582 2054 cum
608 2016 690 2066 ipso
708 2015 965 2066 Xenophonte
983 2027 1195 2053 sermonem
1212 2015 1273 2052 in-

165 2070 299 2109 stituit.
342 2069 497 2117 Quaeso,
525 2070 665 2120 inquit,
695 2069 926 2120 Xenophon,
956 2068 988 2107 si
1012 2068 1158 2106 vicinus
1182 2075 1273 2107 tuus

167 2137 311 2175 equum
337 2123 532 2162 meliorem
563 2123 714 2170 habeat,
744 2136 861 2174 quam
889 2130 978 2161 tuus
1005 2130 1085 2167 est3
1116 2128 1276 2161 tuumne

168 2191 311 2230 equum
329 2177 454 2225 malis,
470 2190 518 2215 an
533 2177 665 2216 illius?
697 2177 822 2226 Illius,
843 2177 979 2228 inquit.
1010 2175 1118 2223 Quid
1136 2176 1168 2215 si
1186 2176 1274 2214 fun-
