1429 2344
167 45 218 83 60
275 43 350 83 DE
378 43 766 94 INVENTIONE,
797 45 894 84 Lm.
918 46 975 85 11.
1006 46 1109 87 CAP.
1131 50 1168 87 2.

168 151 362 202 dignitate.
393 152 547 190 Etenim
567 153 732 203 quodam
752 160 920 204 tempore
935 154 1162 194 Crotoniatae
1175 157 1277 195 mul-

168 213 251 243 tum
272 206 462 253 omnibus,
483 219 680 256 corporum
708 206 849 245 viribus
875 215 911 246 ct
929 208 1190 259 dignitatibus,
1210 223 1278 248 an-

168 266 401 307 testeterunt,
417 267 530 311 atque
541 259 820 298 honestissimas
831 274 878 298 ex
889 262 1066 312 gymnico
1077 264 1280 302 certamine

169 313 341 351 victorias
352 313 510 351 domum
523 326 610 350 cum
622 313 794 351 maxima
805 315 917 353 laude
929 316 1149 354 retulerunt.
1176 316 1278 355 Cum

169 379 375 417 puerorum
399 366 516 417 igitur
534 365 674 404 formas
694 374 730 404 et
749 380 903 418 corpora
927 381 1066 419 magno
1084 369 1146 408 hic
1170 383 1280 422 opere

172 420 395 458 miraretur:
428 420 595 467 Horum,
624 419 805 470 inquiunt
823 421 892 469 illi,
913 434 1053 460 sorores
1072 430 1160 460 sunt
1178 425 1281 475 apud

171 485 239 511 nos
254 473 439 524 virgines:
461 485 592 523 quare,
608 473 686 523 qua
705 473 780 511 sint
799 474 874 512 ‘211ae
892 475 1089 525 dignitate,
1109 484 1213 527 potes
1233 491 1280 516 ex

171 527 231 563 his
246 526 436 577 suspicari.
468 527 638 564 Praebete
655 526 772 577 igitur
789 528 898 574 mihi,
915 542 1056 579 quaeso,
1076 529 1214 580 inquit,
1236 544 1283 569 ex

172 579 252 617 istis
278 580 487 630 virginibus
512 579 814 629 formosissimas,
841 581 935 619 dum
960 583 1076 633 pingo
1099 583 1155 631 id,
1181 586 1284 635 quod

172 633 363 684 pollicitus
388 646 475 672 sum
504 633 624 680 vobis,
650 640 694 671 ut
718 641 872 672 mutum
896 635 937 672 in
967 636 1213 675 simulacrum
1238 651 1285 676 ex

175 687 333 724 animali
361 687 536 738 exemplo
562 686 696 724 veritas
721 688 978 726 transferatur.
1018 689 1126 728 Tum
1151 690 1285 730 Croto-

175 741 301 787 niatae,
323 741 475 791 publico
500 740 547 778 de
572 740 739 788 consilio,
767 741 930 792 virgines
948 755 1071 781 unum
1095 744 1135 781 in
1159 745 1286 784 locum

176 794 452 841 conduxerunt,
480 801 517 832 et
540 793 688 844 pictori,
716 807 810 845 quas
835 796 961 843 vellet,
985 797 1148 847 eligendi
1164 805 1287 849 potes-

177 855 294 886 tatem
314 847 509 885 dederunt.
554 847 627 885 Ine
653 854 780 884 autem
807 849 976 901 quinque
1001 850 1164 901 delegit3
1193 865 1288 903 qua-

177 914 265 939 rum
279 901 434 938 nomina
448 900 562 938 multi
576 905 696 951 poetae
714 903 907 940 memoriae
924 903 1172 953 tradiderunt,
1188 906 1290 956 quod

178 956 259 1004 ejus
279 962 400 992 essent
416 954 558 1003 judicio
578 956 758 1004 probatae,
782 955 849 1006 qui
868 957 1105 995 verissimum
1123 959 1290 1009 pulchri-

179 1008 322 1046 tudinis
348 1008 486 1046 habere
501 1007 689 1057 judicium
715 1008 926 1048 debuisset:
957 1023 1080 1062 neque
1098 1012 1200 1050 enim
1218 1026 1291 1064 pu-

181 1061 289 1109 tavit,
317 1061 459 1110 onmia,
486 1074 572 1112 quae
597 1069 779 1111 quaereret
803 1062 852 1100 ad
870 1072 1119 1111 venustatem,
1147 1079 1225 1104 uno
1250 1067 1288 1104 in

182 1128 334 1166 corpore
358 1129 397 1153 se
421 1114 582 1166 reperire
605 1128 738 1165 posse3
767 1115 851 1154 ideo
877 1117 980 1168 quod
998 1118 1109 1166 nihil,
1130 1119 1291 1170 simplici

182 1169 222 1206 in
241 1182 390 1219 genere,
410 1168 516 1207 omni
529 1181 576 1206 ex
590 1175 695 1219 parte
713 1169 922 1220 perfectum
936 1179 1072 1210 natura
1087 1174 1290 1223 expolivit:

184 1222 326 1273 itaque,
353 1229 552 1273 tamquam
577 1222 718 1260 caeteris
737 1235 812 1261 non
833 1223 880 1261 sit
897 1225 1074 1263 habitura
1098 1226 1201 1276 quod
1219 1227 1294 1264 lar-

183 1276 322 1326 giatur,
344 1276 375 1313 si
393 1276 461 1313 uni
480 1283 614 1314 cuneta
632 1277 865 1326 concesserit,
885 1278 990 1316 aliud
1008 1279 1072 1317 alii
1091 1281 1294 1330 commodi,

185 1330 314 1380 aliquo
333 1330 512 1378 adjuncto
530 1329 784 1378 incommodo,
805 1339 1037 1371 muneratur.

240 1383 298 1421 ΙΙ.
329 1383 446 1430 Quod
478 1383 659 1434 quoniam
691 1384 799 1422 nobis
826 1397 978 1436 quoque
1006 1387 1210 1426 voluntatis
1237 1401 1298 1427 ac-

185 1436 290 1483 cidit,
321 1444 365 1474 ut
393 1444 513 1474 artem
543 1436 691 1474 dicendi
718 1438 1046 1488 perscriberemus,
1073 1453 1151 1479 non
1176 1454 1299 1480 unum

186 1490 341 1541 aliquod
359 1490 624 1541 proposuimus
639 1492 872 1542 exemplum,
893 1493 1002 1542 cujus
1015 1506 1146 1533 omnes
1159 1502 1297 1546 partes,

187 1557 431 1595 quocumque
450 1551 571 1582 essent
588 1543 629 1581 in
651 1557 800 1594 genere,
821 1546 1077 1596 exprimendae
1101 1549 1210 1587 nobis
1233 1561 1300 1587 ne-

188 1597 345 1635 cessario
371 1597 610 1642 viderentur3
641 1598 719 1646 sed,
749 1599 927 1637 omnibus
952 1613 1076 1639 unum
1104 1602 1144 1639 in
1171 1603 1299 1641 locum

189 1651 324 1689 coactis
361 1651 616 1701 scriptoribus,
657 1651 760 1702 quod
803 1653 964 1704 quisque
999 1655 1302 1694 commodissime

189 1704 391 1755 praecipere
416 1704 627 1751 videbatur,
654 1706 934 1756 excerpsimus;
964 1715 1002 1745 et
1031 1720 1078 1746 ex
1103 1709 1214 1747 variis
1242 1710 1300 1747 in-

189 1757 309 1809 geniis
342 1757 654 1795 excellentissima
686 1771 848 1809 quaeque
878 1760 1093 1799 libavimus.
1149 1762 1214 1800 Ex
1244 1763 1313 1801 his

191 1811 295 1850 enim
314 1811 381 1861 qui
406 1811 559 1848 nomine
585 1818 622 1849 et
647 1812 831 1849 memoria
855 1812 961 1863 digni
986 1822 1089 1861 sunt,
1117 1826 1185 1854 nec
1208 1811 1304 1854 nihi!

193 1865 350 1915 optime,
377 1877 445 1902 nec
471 1863 599 1902 omnia
625 1865 921 1915 praeclarissime,
953 1868 1157 1918 quisquam
1184 1869 1304 1908 dicere

194 1918 302 1956 nobis
325 1917 544 1955 videbatur:
575 1926 804 1970 quapropter
829 1920 988 1959 stultitia
1007 1921 1085 1958 visa
1103 1929 1171 1969 est,
1191 1930 1258 1961 aut
1282 1937 1304 1961 a

194 1974 290 2010 benc
314 1970 474 2009 inventis
493 1971 652 2021 alicujus
677 1972 859 2021 recedere,
886 1973 917 2011 si
942 1987 1019 2024 quo
1044 1974 1084 2012 in
1109 1975 1199 2013 vitio
1224 1977 1305 2026 ejus

194 2024 483 2071 offenderemur,
521 2032 587 2062 aut
620 2024 668 2062 ad
700 2025 791 2063 vitia
822 2039 974 2078 quoque
1006 2028 1087 2076 ejus
1119 2029 1304 2077 accedere,

196 2079 305 2127 cujus
323 2077 451 2129 aliquo
475 2080 570 2116 bene
596 2086 782 2130 praecepto
808 2079 1044 2119 duceremur.
1084 2081 1201 2128 Quod
1219 2083 1307 2122 siin

198 2132 338 2171 caeteris
353 2145 504 2183 quoque
524 2132 656 2170 studiis
675 2146 697 2170 a
716 2133 847 2172 multis
867 2134 1002 2185 eligere
1020 2134 1191 2174 homines
1209 2149 1313 2176 com-
