1429 2344
179 98 254 137 148
327 98 405 138 DE
435 98 858 147 ORATORE,L113.
881 99 914 138 Ι.
944 98 1132 138 ΟΑΡ.’24’.

176 205 487 255 adolescentibus,
515 207 662 255 Crasse,
689 207 756 268 qui
775 219 850 245 non
871 206 995 245 Graeci
1013 206 1172 256 alicujus
1191 215 1287 256 quo-

176 260 362 299 tidianam
389 261 658 312 loquacitatem
689 261 769 299 sine
798 275 885 309 usu,
915 273 1039 312 neque
1071 273 1118 298 ex
1151 258 1289 298 scholis

176 314 420 363 cantilenam,
449 315 661 366 requirunt,
691 315 756 353 sed
781 328 828 353 ex
853 315 1007 353 homine
1031 313 1206 352 omnium
1231 324 1290 350 sa-

177 367 414 418 pientissimo
439 376 554 420 atque
579 368 898 419 eloquentissimo,
926 372 1057 419 (atque
1075 380 1122 405 ex
1142 379 1200 414 eo,
1221 364 1289 416 qui

178 433 256 458 non
274 421 315 458 in
333 421 486 483 libellis,
507 422 635 460 sedin
653 422 832 460 maximis
852 422 971 460 causis
975 429 1044 469 ,et
1067 421 1108 458 in
1132 421 1203 458 hoc
1221 419 1290 456 do-

179 474 346 512 micih'o
336 476 486 536 imperii
506 482 542 513 et
560 476 703 526 gloriae,
724 476 772 513 sit
791 476 944 514 consih‘o
962 450 1171 526 linguaque
1185 473 1291 525 prin-

178 535 283 589 ceps)
299 529 407 578 cujus
422 529 577 580 vestigia
591 530 765 581 persequi
779 530 951 580 cupiunt,
969 530 1051 577 ejus
1066 527 1291 566 sententiam

180 582 429 620 sciscitantur.
469 583 664 634 Equidem
697 591 734 621 te
766 596 854 621 cum
887 583 927 620 in
956 581 1114 620 dicendo
1144 592 1293 631 semper

179 636 314 686 putavi
333 635 478 684 Deum,
508 643 594 674 tum
625 649 712 675 vero
741 637 811 675 tibi
837 649 1039 687 nunquam
1067 633 1292 699 eloquentiae

181 690 368 738 majorem
404 690 522 728 tribui
557 690 726 737 laudem,
761 703 878 741 quam
914 688 1186 733 humanitatis3
1217 700 1296 738 qua

182 755 286 780 nunc
311 751 348 781 te
373 743 431 781 uti
449 744 509 782 vel
527 744 698 782 maxime
723 743 840 792 decet,
867 756 991 795 neque
1013 743 1190 793 defugere
1209 753 1295 779 eam

183 796 492 847 disputationem,
522 797 570 835 ad
600 810 716 849 quam
742 805 779 836 te
808 797 885 836 duo
910 796 1126 836 excellentis
1150 794 1295 846 ingenii

182 850 435 890 adolescentes
455 851 615 902 cupiunt
634 851 815 890 accedere.

237 903 326 955 Ego
358 917 460 952 vero,
495 905 636 956 inquit,
671 904 751 943 istis
782 905 940 956 obsequi
971 904 1130 949 stude-:03
1170 915 1296 954 neque

184 959 370 1008 gravabor
401 955 575 1007 breviter,
608 971 695 996 meo
726 971 845 1005 more,
875 958 969 1010 quid
998 959 1152 1009 quaque
1181 957 1228 995 de
1257 969 1297 995 re

185 1011 361 1061 sentiam,
390 1012 523 1050 dicere.
565 1014 628 1050 Ac
646 1012 816 1063 primum
834 1013 932 1050 fflud
951 1011 1149 1063 (quoniam
1168 1017 1297 1048 aucto-

183 1065 337 1103 ritatem
363 1073 470 1103 tuam
495 1066 698 1116 negligere,
726 1066 906 1113 Scaevola,
934 1065 991 1103 fas
1008 1065 1106 1103 mihi
1124 1077 1202 1102 esse
1219 1076 1298 1101 non

183 1125 295 1170 puto)
315 1120 535 1170 respondeo,
556 1120 654 1157 mihi
672 1120 821 1158 dicendi
839 1127 907 1157 aut
924 1120 1072 1156 nullam
1091 1126 1211 1156 artem
1231 1124 1298 1155 aut

184 1179 408 1223 pertenuem
427 1173 559 1221 videri,
581 1174 646 1212 sed
665 1186 819 1211 omnem
839 1186 916 1212 esse
934 1172 1213 1211 contentionem
1238 1171 1292 1208 111-

185 1232 242 1263 ter
274 1226 446 1265 homines
478 1227 605 1265 doctos
638 1227 678 1264 in
711 1227 815 1265 verbi
843 1226 1094 1265 controversi&
1120 1225 1296 1276 positam.

185 1279 294 1317 Nam
313 1280 344 1317 si
363 1293 422 1318 ars
441 1281 494 1318 ita
513 1281 706 1329 definitur,
726 1288 770 1318 ut
788 1281 903 1331 paulo
918 1288 1004 1317 ante
1019 1278 1193 1330 exposuit
1210 1279 1299 1316 An-

184 1333 325 1382 tonius,
343 1347 390 1371 ex
404 1336 515 1372 rebus
515 1335 678 1395 penitus
689 1334 905 1385 perspectis,
921 1334 1110 1384 planeque
1124 1332 1297 1397 cognitis,

184 1393 300 1437 atque
336 1389 385 1425 ab
421 1388 609 1438 opinionis
647 1388 802 1425 arbitrio
839 1387 1030 1436 sejunctis,
1069 1386 1299 1437 scientiaque

185 1440 490 1491 comprehensis;
521 1453 598 1478 non
630 1440 727 1478 mihi
760 1440 909 1478 videtur
940 1453 1000 1478 ars
1031 1440 1187 1478 oratoris
1220 1452 1299 1478 esse

185 1493 278 1531 ulla.
327 1494 426 1531 Sunt
444 1494 546 1532 enim
567 1494 683 1541 varia,
715 1501 751 1532 et
776 1494 824 1532 ad
843 1494 1039 1544 vulgarem
1057 1494 1301 1545 popularem-

186 1559 262 1598 que
289 1559 441 1585 sensum
468 1548 764 1595 accommodata,
792 1547 922 1585 omnia
946 1560 1084 1597 genera
1108 1547 1226 1596 hujus
1243 1546 1302 1584 fo-

185 1600 305 1638 rensis
324 1607 460 1638 nostrae
479 1601 662 1639 dictionis.
693 1601 762 1639 Sin
781 1608 909 1639 autem
929 1613 985 1648 ea,
1005 1614 1092 1651 quae
1106 1602 1301 1638 observata

187 1660 278 1691 sunt
302 1653 343 1690 in
368 1667 441 1692 usu
467 1667 510 1691 ac
538 1655 682 1692 ratione
707 1655 869 1702 dicendi,
898 1654 979 1692 haec
1005 1656 1053 1692 ab
1078 1653 1299 1692 hominibus

187 1707 333 1745 callidis
352 1719 394 1745 ac
413 1708 542 1758 peritis
560 1707 821 1746 animadversa
847 1721 890 1746 ac
915 1714 1058 1755 notata,
1085 1707 1208 1745 verbis
1233 1707 1299 1745 de-

186 1760 348 1810 signata,
365 1762 565 1811 generibus
579 1761 779 1809 illustrata,
796 1761 966 1812 partibus
980 1760 1181 1798 distributa
1195 1768 1298 1808 sunt,

188 1814 246 1857 (id
265 1814 368 1864 quod
386 1814 467 1852 fieri
485 1815 650 1874 potuisse
674 1815 825 1861 mdeo);
854 1827 931 1852 non
955 1813 1141 1864 intelligo,
1162 1826 1300 1864 quam-

188 1869 320 1905 obrem
346 1863 436 1928 non,
468 1869 500 1905 si
527 1868 655 1905 minus
685 1868 751 1905 1113
771 1868 901 1906 subtih‘
919 1867 1151 1916 definitione,
1172 1874 1211 1904 at
1228 1867 1300 1906 hac

190 1921 339 1971 vulgari
352 1921 541 1981 opinione,
558 1935 616 1959 ars
632 1935 709 1959 esse
724 1921 905 1959 videatur.
946 1921 1035 1968 Sed,
1056 1921 1133 1958 sive
1151 1929 1207 1959 est
1224 1933 1298 1969 ars,

190 1974 268 2012 sive
297 1975 387 2012 artis
425 1975 601 2026 quasdam
631 1975 853 2022 similitudo,
882 1986 959 2012 non
988 1982 1043 2012 est
1073 1974 1229 2025 quidem
1255 1987 1300 2012 ea

189 2028 439 2078 negligenda:
470 2041 602 2066 verum
627 2028 918 2078 intelh'gendum
937 2034 1005 2076 est,
1026 2028 1101 2065 3113
1119 2027 1297 2079 quaedam

189 2082 238 2119 ad
257 2082 558 2133 consequendam
576 2082 831 2132 eloquentiam
850 2095 928 2120 esse
946 2082 1102 2130 majora.

242 2134 404 2173 XXIV.
433 2135 540 2173 Tum
565 2135 760 2174 Antonius
790 2135 1029 2174 vehementer
1053 2147 1092 2172 se
1117 2133 1296 2173 assentire

186 2187 322 2229 Crasso
351 2188 461 2238 dixit,
489 2189 592 2241 quod
619 2201 742 2240 neque
766 2189 820 2228 ita
844 2189 1131 2241 amplecteretur
1157 2194 1291 2238 artem,
