1407 2324
144 105 221 144 DE
244 104 450 146 CLARIS
470 102 853 153 ORATORIBUS,
874 104 979 143 CAP.
995 106 1059 143 95.
1091 106 1168 143 445

68 224 154 250 mus
168 212 357 264 quotidie:
378 211 517 263 quibus
529 211 681 262 quidem
695 211 815 249 causis
833 218 874 248 tu
894 211 1022 258 etiam,
1036 211 1171 259 Brute,

68 273 204 316 praesto
235 265 354 312 fuisti,
381 265 682 316 compluresque,
717 272 754 302 et
784 265 977 302 nobiscum
1005 272 1042 302 et
1059 265 1174 311 solus,

70 318 202 369 egisti;
231 326 288 365 ut,
315 318 383 370 qui
401 330 476 356 non
497 318 586 356 satis
611 318 675 356 diu
705 318 840 356 vixerit
860 317 1099 365 Hortensius,
1120 325 1177 355 ta-

71 384 159 409 men
196 373 298 410 hunc
335 384 487 410 cursum
519 371 728 411 confecerit.
776 371 902 408 Annis
931 379 1018 408 ante
1047 371 1176 409 decem

72 437 202 462 causas
221 439 330 475 agere
348 424 472 475 coepit,
493 438 608 474 quam
628 432 668 462 tu
689 437 726 462 es
745 431 877 462 natus:
910 424 1024 471 idem,
1043 431 1178 474 quarto

73 485 111 515 et
129 478 360 529 sexagesimo
378 490 491 525 annO,
520 478 715 528 perpaucis
744 485 829 515 ante
851 484 1009 515 mortem
1030 476 1177 523 diebus,

73 531 151 568 una
170 540 295 569 tecum
315 544 482 570 socerum
501 537 612 568 tuum
638 531 803 568 defendit
823 530 1008 581 Appium.
1037 529 1178 566 Dicen-

71 583 112 620 di
141 592 268 622 autem
294 597 414 636 genus
442 583 545 634 quod
574 583 689 621 fuerit
711 583 749 620 in
782 591 957 634 utroque,
995 582 1179 621 orationes

72 637 269 688 utriusque
289 638 401 677 ctiam
415 637 572 687 posteris
589 637 722 674 nostris
741 637 972 675 indicabunt.

129 691 259 729 XCV.
289 691 378 737 Sed,
408 691 440 728 si
466 690 686 741 quaerimus,
720 703 786 728 cur
815 689 1029 727 adolescens
1058 688 1180 739 magis

72 743 238 782 floruerit
259 743 430 790 dicendo,
451 756 566 794 quam
596 743 731 789 senior,
761 742 1015 787 Hortensius3
1046 755 1176 780 causas

72 797 299 848 reperiemus
319 796 528 835 verissimas
547 795 651 834 duas.
683 795 917 846 [Primum,]
939 795 1040 846 quod
1059 808 1179 845 genus

72 859 151 888 erat
168 850 344 888 orationis
369 850 593 895 Asiaticum,
613 849 868 887 adolescentiae
892 849 1013 898 magis
1031 860 1179 886 conces-

73 917 172 950 sum,
204 917 321 954 quam
347 903 539 941 senectuti.
580 903 728 940 Genera
755 909 883 939 autem
902 901 1081 939 Asiaticae
1099 901 1176 939 dic-

72 956 183 994 tionis
202 957 278 995 duo
293 964 402 1001 sunt,
392 970 401 979 ·
424 968 546 993 unum
559 956 826 993 sententiosum
839 963 875 992 et
886 962 1077 1005 argutum,
1094 967 1178 991 sen-

70 1010 197 1047 tentiis
215 1022 291 1048 non
315 1017 394 1047 tam
419 1009 597 1059 gravibus
620 1017 657 1046 et
681 1008 829 1054 severis,
850 1020 966 1059 quarn
985 1007 1176 1046 concinnis

72 1070 109 1100 et
126 1063 317 1108 venusti5;
347 1062 469 1114 qualis
497 1062 537 1099 in
567 1061 723 1099 historia
740 1061 920 1107 Timaeus,
954 1061 993 1098 in
1019 1060 1178 1098 dicendo

73 1123 216 1163 autem,
236 1116 361 1167 pueris
390 1115 512 1162 nobis,
544 1115 738 1153 Hierocles
762 1114 1025 1161 Alabandeus,
1044 1113 1178 1174 ‘magis

73 1169 187 1207 etiam
206 1169 412 1214 Menecles,
432 1168 546 1206 frater
564 1169 658 1217 ejus,
679 1167 777 1210 fuit:
799 1180 960 1218 quorum
980 1166 1177 1217 utriusque

28 1235 32 1240 ·
71 1223 254 1261 orationes
282 1230 370 1260 sunt
387 1221 427 1258 in
444 1221 591 1272 primis,
612 1228 655 1258 ut
673 1221 842 1258 Asiatico
860 1220 900 1257 in
924 1232 1073 1270 genere,
1092 1219 1177 1258 lau-

73 1275 227 1313 dabiles.
268 1275 392 1313 Aliud
419 1281 547 1312 autem
575 1286 694 1324 genus
719 1281 774 1311 est
791 1285 867 1311 non
886 1280 965 1310 tam
984 1272 1176 1311 sententiis

72 1327 368 1379 frequentatum,
382 1339 498 1378 quam
517 1327 639 1365 verbis
658 1327 806 1364 volucre
823 1333 938 1376 atque
951 1325 1175 1363 incitatum·
1162 1354 1175 1371 ,

73 1381 196 1432 qualis
208 1389 263 1422 est
274 1393 375 1418 nunc
382 1380 474 1418 Asia
485 1386 584 1424 tota;
599 1392 667 1418 nec
681 1379 838 1417 flumine
852 1379 974 1417 solum
987 1378 1176 1425 orationis,

74 1434 139 1472 sed
158 1434 271 1472 etiam
296 1440 475 1473 exornato
502 1439 539 1471 et
567 1433 662 1470 face
651 1446 686 1471 ο
717 1445 852 1482 genere
881 1433 1105 1476 verborum;
1135 1431 1175 1469 in

75 1500 152 1538 quo
183 1487 257 1525 fuit
275 1487 482 1537 AEschylus
501 1485 674 1533 Cnidius,
709 1492 746 1523 et
769 1498 875 1523 meus
908 1484 1062 1536 aequalis
1091 1484 1175 1522 Mi-

72 1540 186 1579 lesius
218 1540 428 1578 AEschines.
477 1538 524 1577 In
553 1539 598 1577 iis
628 1545 706 1576 erat
734 1537 966 1577 admirabilis
997 1537 1174 1575 orationis

72 1606 228 1639 cursus;
257 1600 388 1632 ornata
419 1592 688 1631 sententiarum
715 1591 943 1629 concinnitas
973 1602 1049 1628 non
1082 1597 1174 1628 erat.

74 1645 172 1685 Haec
200 1654 327 1685 autem
359 1650 421 1696 (ut
438 1644 537 1694 dixi)
569 1657 706 1696 genera
733 1644 881 1682 dicendi
909 1644 1054 1695 aptiora
1084 1651 1175 1682 sunt

72 1699 395 1744 adolescentibus3
424 1698 465 1737 in
493 1698 642 1736 senibus
670 1697 892 1748 gravitatem
919 1710 995 1735 non
1019 1697 1172 1735 habent.

72 1752 210 1804 Itaque
229 1751 472 1800 Hortensius,
494 1759 655 1802 utroque
673 1763 808 1801 genere
826 1751 974 1797 florens,
995 1750 1176 1788 clamores

70 1805 230 1844 faciebat
243 1805 466 1852 adolescens.
480 1804 660 1843 Habebat
673 1804 774 1842 enim
788 1811 824 1842 et
838 1803 1072 1842 Meneclium
1080 1802 1178 1840 illud

72 1858 242 1898 studium
276 1860 492 1897 crebrarum
525 1864 844 1918 venustarumque
875 1856 1142 1894 sententiarum
1161 1868 1175 1901 ς

71 1910 112 1948 111
130 1912 284 1972 quibus,
307 1919 351 1956 ut
368 1912 408 1949 in
426 1911 493 1949 ino
521 1911 667 1957 Graeco,
696 1910 747 1948 sic
773 1911 813 1948 in
840 1909 925 1957 hoc,
945 1915 1051 1947 erant
1069 1921 1174 1959 quae-

73 1963 163 2001 dam
179 1965 302 2025 magis
326 1972 492 2002 venustae
513 1963 716 2014 dulcesque
742 1962 947 2009 sententiae,
967 1974 1083 2013 quam
1108 1967 1177 1999 aut

73 2018 300 2077 necessariae,
320 2024 387 2056 aut
403 2017 593 2056 interdum
616 2017 738 2054 utiles.
766 2015 820 2053 Et
838 2024 917 2053 erat
934 2014 1066 2062 oratio,
1085 2026 1174 2052 cum

73 2069 227 2108 incitata
240 2077 278 2108 et
288 2070 453 2117 vibrans,
464 2078 548 2109 tum
566 2069 679 2108 etiam
694 2075 865 2107 accurata
879 2074 916 2106 et
926 2068 1055 2119 polita.
1083 2067 1124 2105 N
1125 2079 1176 2105 on

73 2124 330 2172 probabantur
347 2122 428 2164 haec
446 2123 608 2172 senibus.
638 2124 746 2174 Saepe
764 2121 952 2169 videbam,
979 2133 1067 2159 cum
1090 2119 1175 2158 irri-

71 2174 239 2222 dentem,
255 2182 338 2214 tum
352 2175 466 2214 etiam
476 2176 695 2215 irascentem
707 2182 744 2213 et
759 2174 1068 2223 stomachantem,
1082 2173 1177 2211 Phio

125 2227 323 2278 (Rlzetor.)
352 2239 455 2269 VOL.
477 2240 510 2268 1.
836 2229 862 2266 2
880 2238 909 2267 Q
