1429 2344
169 85 222 123 88
272 85 353 125 DE
375 86 764 137 INVENTIONE,
787 87 885 126 LIB.
900 87 962 126 ΙΙ.
982 86 1087 126 ΟΛΡ.
1103 87 1167 132 27.

167 204 217 230 ex
242 194 382 233 caeteris
406 193 558 233 dabitur
582 194 924 243 constitutionibus,
949 194 1050 233 sumi
1073 191 1272 245 oportebit,

164 246 266 284 sicut
283 247 324 285 in
342 248 620 299 comparatione
638 256 869 299 praeceptum
894 255 972 287 est:
1002 254 1131 299 postea
1149 247 1180 285 si
1197 259 1275 298 qua

166 299 328 338 ,facultas
354 302 437 350 erit,
464 314 532 352 per
556 302 726 352 aliquam
745 302 1062 350 constitutionem,
1081 301 1208 347 illum,
1233 299 1274 336 in

169 366 285 403 quem
305 355 446 392 crimen
466 354 700 404 transfertur,
727 354 949 393 defendere:
979 354 1127 402 deinde,
1155 352 1276 391 levius

168 419 259 455 esse,
277 408 379 458 quod
392 408 433 445 in
448 409 609 446 alterum
623 415 819 459 peccatum
833 422 918 446 reus
932 408 1143 455 transferat,
1159 417 1277 458 quam

169 460 274 510 quod
302 461 382 512 ipse
412 462 636 514 susceperit:
666 470 795 513 postea
825 461 1076 500 translationis
1104 460 1276 511 partibus

171 513 242 561 uti,
273 521 309 551 et
333 515 526 553 ostendere
551 528 574 553 a
599 528 690 567 quo,
710 523 746 553 et
764 529 831 566 per
849 528 956 566 quos,
984 522 1020 552 et
1045 527 1122 566 quo
1145 512 1274 560 modo,

171 574 208 604 et
234 581 311 618 quo
335 575 517 619 tempore,
545 576 612 606 aut
636 569 712 620 agi,
737 576 803 606 aut
817 568 992 618 judicari,
1013 575 1080 605 aut
1097 566 1212 604 statui
1229 565 1276 603 de

171 619 214 657 ea
232 633 272 658 re
291 623 529 668 convenerit3
551 635 593 660 ac
613 623 728 660 simul
746 622 954 669 ostendere,
973 633 1051 659 non
1069 619 1276 671 oportuisse

170 681 258 712 ante
277 675 522 725 supplicium,
542 689 660 727 quam
675 676 878 725 judicium,
892 676 1140 725 interponere.
1168 672 1276 710 Tum

170 727 272 777 leges
292 741 443 779 quoque
463 737 499 767 et
514 729 657 779 judicia
675 728 966 768 demonstranda
985 735 1086 776 sunt,
1106 739 1173 778 per
1191 739 1278 777 quae

170 782 336 831 potuerit
354 782 394 819 id
411 790 622 833 peccatum,
644 783 747 835 quod
765 790 897 834 sponte
923 782 992 819 sua
1017 794 1102 819 reus
1119 780 1277 831 punitus

171 834 233 881 sit,
254 835 424 873 moribus
444 844 480 874 et
494 836 638 885 judicio
657 836 849 874 vindicari.
892 834 1042 873 Deinde
1059 846 1196 884 negare
1214 832 1279 870 de-

170 888 289 936 bebit,
318 889 441 926 audiri
467 897 636 940 oportere
653 890 694 927 id
712 889 815 941 quod
838 890 880 927 in
899 901 988 927 eum
1006 887 1173 927 criminis
1190 899 1279 925 con-

170 941 326 989 feratur,
356 942 403 980 de
428 956 505 994 quo
527 943 558 980 is
583 943 676 994 ipse,
704 943 771 994 qui
795 943 974 991 conferat,
991 941 1180 991 judicium
1198 939 1280 979 fieri

171 995 360 1041 noluerit;
391 1004 427 1034 et
444 997 497 1043 id,
519 997 623 1047 quod
637 997 852 1045 judicatum
875 1008 953 1034 non
972 996 1034 1044 sit,
1053 1007 1122 1046 pro
1140 993 1279 1032 infecto

161 1048 301 1087 haberi
330 1057 522 1100 oportere:
552 1057 681 1101 postea
711 1049 990 1101 impudentiam
1022 1049 1279 1086 demonstrare

171 1115 318 1150 eorum,
346 1103 413 1153 qui
432 1117 520 1141 eum
539 1116 641 1141 nunc
666 1104 769 1154 apud
792 1103 937 1152 judices
955 1108 1142 1149 accusent,
1163 1113 1280 1152 quem

173 1156 254 1193 sine
270 1155 461 1205 judicibus
480 1157 553 1208 ipsi
572 1157 882 1203 condemner-inu
912 1163 949 1194 et
966 1156 1012 1193 de
1031 1168 1074 1194 eo
1089 1154 1280 1204 judicium

171 1209 325 1258 faciant,
345 1210 392 1247 de
411 1223 486 1261 quo
502 1212 583 1260 jam
595 1211 668 1261 ipsi
681 1211 910 1262 supplicium
925 1209 1138 1248 sumserint.
1168 1209 1280 1247 Post-

173 1276 218 1300 ea
246 1265 567 1314 perturbationem
590 1264 724 1313 judicii
749 1265 920 1302 futuram
950 1263 1132 1311 dicemus,
1159 1270 1196 1300 et
1216 1263 1279 1311 ju-

171 1316 271 1354 dices
303 1317 467 1367 longius,
502 1331 619 1368 quam
646 1325 869 1369 potestatem
895 1317 1074 1364 habeant,
1106 1328 1279 1367 progres-

169 1383 290 1418 suros,
312 1370 343 1407 si
362 1371 477 1408 simul
496 1379 532 1409 et
550 1371 596 1409 de
614 1385 691 1419 reo,
713 1379 750 1409 et
768 1372 814 1410 de
829 1384 872 1409 eo
891 1383 1007 1422 quem
1025 1383 1110 1408 reus
1129 1376 1278 1420 arguat,

167 1423 402 1473 judicarint:
433 1424 580 1472 deinde,
609 1425 680 1463 hoc
705 1425 736 1462 si
762 1424 1010 1463 constitutum
1036 1423 1097 1470 sit,
1124 1431 1169 1460 ut
1193 1435 1280 1473 pec-

171 1485 255 1514 cata
272 1477 445 1515 homines
459 1478 632 1528 peccatis,
649 1486 686 1516 et
704 1478 861 1527 injurias
875 1477 1023 1526 injuriis
1037 1477 1279 1524 ulciscantur,

172 1538 362 1580 quantum
386 1531 716 1569 incommodorum
742 1538 1015 1582 consequatur:
1046 1543 1089 1568 ac
1119 1530 1150 1567 si
1177 1529 1281 1567 idem

170 1584 293 1622 facere
317 1584 411 1635 ipse,
432 1585 500 1635 qui
518 1597 620 1623 nunc
645 1593 806 1633 accuset,
827 1584 1019 1633 voluisset,
1038 1596 1087 1622 ne
1103 1583 1176 1621 hoc
1195 1583 1281 1633 qui-

171 1637 260 1674 dem
284 1638 366 1688 ipso
386 1638 597 1689 quidquam
616 1652 710 1689 opus
728 1639 843 1676 fuisse
859 1637 1026 1687 judicio:
1056 1637 1088 1675 si
1105 1649 1192 1674 vero
1211 1649 1281 1674 cae-

172 1691 241 1728 teri
268 1704 420 1742 quoque
438 1691 539 1728 idem
558 1692 712 1739 faciant,
739 1692 894 1730 omnino
916 1691 1105 1740 judicium
1127 1689 1281 1727 nullum

172 1743 359 1782 futurum.
401 1744 538 1782 Postea
556 1745 888 1793 demonstrabitur,
906 1757 968 1792 ne,
989 1744 1020 1781 si
1034 1742 1178 1792 judicio
1196 1743 1282 1793 qui,-

172 1797 260 1834 dem
286 1798 354 1835 illa
371 1797 551 1835 damnata
576 1806 682 1846 esset,
710 1799 751 1836 in
778 1810 894 1849 quam
918 1797 959 1834 id
984 1797 1126 1834 crimen
1145 1798 1193 1834 ab
1217 1810 1282 1835 reo

173 1851 399 1899 conferatur,
428 1851 595 1901 potuisse
620 1852 722 1889 hunc
747 1852 875 1902 ipsum
900 1849 947 1888 de
964 1850 1033 1888 illa
1051 1850 1280 1900 supplicium

173 1917 346 1941 sumere:
369 1917 485 1955 quare
500 1917 577 1942 esse
594 1905 811 1955 indignum,
832 1917 935 1950 eum,
956 1903 1023 1954 qui
1041 1915 1089 1941 ne
1107 1903 1155 1941 de
1173 1903 1281 1941 dam-

170 1957 263 1995 nata
283 1957 438 2008 quidem
463 1970 592 2008 poenas
619 1971 766 1996 sumere
789 1957 984 2008 potuisset,
1008 1956 1055 1994 de
1074 1956 1118 1994 ea
1136 1958 1281 2007 suppli-

173 2011 278 2048 cium
297 2011 486 2059 sumsisse,
508 2024 594 2062 quae
612 2024 659 2049 ne
678 2011 841 2049 adducta
859 2010 1014 2061 quidem
1043 2009 1091 2047 sit
1115 2010 1155 2047 in
1177 2011 1282 2059 judi-

173 2064 288 2102 cium.
319 2064 469 2102 Deinde
482 2065 701 2115 postulabit,
722 2072 766 2102 ut
783 2065 921 2114 legem,
938 2063 1016 2115 qua
1033 2063 1117 2113 lege
1134 2062 1279 2112 fecerit,

173 2118 349 2168 proferat.
392 2118 554 2166 Deinde,
583 2118 906 2169 quemadmodum
935 2117 976 2155 in
1005 2117 1283 2167 comparatione

173 2171 498 2222 praecipiebamus,
529 2178 572 2209 ut
599 2171 695 2212 illud
724 2171 827 2222 quod
857 2170 1151 2222 comparabitur,
1179 2176 1282 2213 exte-
