1407 2324
257 359 326 408 M.
360 359 584 407 TULLII
620 359 973 407 CICERONIS

585 501 648 529 DE

95 610 444 664 CLARIS
505 611 1146 665 ORATORIBUS

467 748 765 805 LIBER,

491 879 563 909 QUI
582 879 746 906 melmun.

293 985 862 1046 ¹BRUTUS.

541 1147 686 1176 -Qn—

118 1300 153 1339 Ι.
179 1300 305 1347 CUM,
333 1313 353 1338 e
378 1299 514 1338 Cilicia
537 1301 734 1347 decedens,
755 1299 940 1338 Rhodum
967 1302 1166 1364 venissem,

65 1361 103 1393 et
121 1367 164 1392 eo
181 1353 278 1391 mihi
296 1353 343 1390 de
362 1353 412 1400 Q.
428 1353 623 1392 Hortensii
643 1360 765 1391 morte
783 1361 877 1392 esset
895 1355 1068 1404 allatum,
1089 1357 1171 1408 opi-

64 1407 176 1445 nione
187 1418 361 1444 ommum
372 1407 556 1455 majorem
569 1408 696 1445 animo
711 1407 792 1457 cepi
807 1407 994 1446 dolorem.
1015 1421 1105 1446 nam
1121 1418 1171 1457 et,

10 1506 13 1509 Α
63 1460 186 1499 amico
205 1459 355 1507 amisso,
376 1472 464 1497 cum
483 1460 752 1499 consuetudine
766 1461 951 1521 jucunda,
965 1468 1050 1499 tum
1068 1464 1171 1501 mul-

65 1522 191 1551 torum
223 1512 431 1551 officiorum
457 1514 733 1563 conjunctione,
761 1526 824 1551 me
848 1514 1039 1564 privatum
1065 1516 1169 1554 vide-

65 1569 171 1616 bam,
192 1573 229 1604 et
250 1566 403 1604 interitu
423 1566 507 1604 talis
526 1567 680 1618 auguris
705 1567 928 1631 dignitatem
953 1569 1070 1606 nostri
1093 1571 1169 1607 col-

62 1620 153 1670 legii
184 1619 413 1656 diminutam
441 1619 640 1658 dolebam:
681 1633 759 1670 qua
790 1620 829 1657 in
863 1621 1099 1671 cogitatione,
1132 1630 1170 1661 et

63 1679 281 1735 eooptatum
299 1685 362 1710 me
379 1674 428 1710 ab
447 1686 490 1711 eo
508 1674 547 1711 in
567 1674 768 1724 collegium
782 1674 1041 1722 recordabar,
1031 1688 1071 1712 m
1091 1690 1168 1727 quo

60 1728 211 1776 juratus
233 1725 423 1775 judicium
445 1726 640 1778 dignitatis
665 1740 760 1765 meae
779 1726 928 1775 fecerat
949 1736 986 1766 et
1003 1728 1166 1780 inaugu-

63 1787 191 1818 ratum
220 1781 269 1817 ab
295 1779 454 1826 eodem;
488 1793 536 1819 ex
564 1793 654 1831 quo,
683 1793 874 1831 augurum
901 1781 1096 1829 institutis,
1125 1783 1165 1820 in

65 1832 231 1884 parentis
250 1845 338 1870 eum
362 1833 445 1870 loco
469 1834 589 1872 colere
606 1834 803 1872 debebam.
841 1834 1024 1895 Augebat
1048 1835 1161 1873 etiam

64 1885 290 1933 molestiam,
317 1886 434 1937 quod,
458 1900 601 1938 magna
626 1887 853 1938 sapientium
880 1888 1021 1925 civium
1048 1890 1165 1925 bono-

63 1952 227 1990 rumque
253 1939 426 1990 penuria,
455 1941 513 1977 vir
544 1940 730 1991 egregius,
761 1941 1165 1992 conjunct-issimusque

64 2004 216 2030 mecum
243 1992 485 2030 consiliorum
512 1994 686 2031 omnium
719 1994 905 2041 societate,
937 1994 1164 2032 alienissimo

64 2045 280 2096 reipublittae
297 2053 466 2097 tempore
483 2047 702 2094 exstinctus,
723 2054 760 2084 et
778 2047 1007 2084 auctoritatis
1025 2054 1062 2085 et
1076 2060 1168 2098 pru-

63 2098 201 2136 dentiae
219 2111 297 2136 suae
313 2099 419 2138 triste
435 2100 544 2139 nobis
561 2100 788 2138 desiderium
807 2100 1009 2151 reliquerat
1024 2114 1034 2137 ε
1063 2100 1167 2138 dole-

66 2153 247 2204 bamque,
267 2151 370 2203 quod
388 2165 479 2203 non,
505 2161 550 2193 ut
574 2153 744 2205 plerique
768 2155 968 2205 putabant,
994 2153 1168 2192 adversa&
