1429 2344
177 95 254 135 392
275 92 351 133 DE
373 91 982 143 CLARISORATORIBUS,
996 92 1101 131 CAP.
1114 93 1178 132 39.

181 215 277 247 mos,
298 213 434 252 eosque
451 200 574 250 fingit,
594 199 746 248 format,
765 199 907 245 flectit;
936 199 1103 252 talesque
1121 206 1285 240 oratores

181 255 298 293 videri
316 254 419 299 facit,
440 254 596 304 quales
586 253 659 304 1psi
677 266 716 291 se
734 253 852 291 videri
870 253 1015 292 volunt.

237 308 341 345 Huic
359 307 424 344 alii
441 319 572 358 parem
592 319 670 344 esse
691 306 877 354 dicebant,
904 306 970 344 alii
991 307 1283 358 anteponebant,

189 361 236 399 L.
264 361 454 398 Crassum.
498 360 603 397 Illud
628 359 782 410 quidem
807 367 904 398 certe
925 372 1055 398 omnes
1072 361 1126 398 ita
1140 360 1289 409 judica-

188 416 294 461 bant,
314 413 506 452 neminem
526 426 616 459 esse,
643 412 723 463 qui,
748 413 887 450 horum
911 413 1090 451 alterutro
1115 421 1287 464 patrono,

189 468 414 518 cujusquam
442 466 639 516 ingenium
664 467 877 517 requireret.
917 466 1125 517 Equidem,
1153 480 1290 518 quam-

190 533 307 572 quam
326 520 498 558 Antonio
517 526 667 557 tantum
687 520 826 566 tribuo,
847 527 1034 570 quantum
1057 533 1171 570 supra
1195 519 1290 567 dixi,

190 581 318 612 tamen
343 573 478 612 Crasso
508 573 605 610 nihil
632 580 755 611 statuo
782 572 861 610 fieri
887 573 1052 623 potuisse
1078 573 1290 623 perfectius.

190 627 287 665 Erat
316 639 468 665 summa
493 626 682 676 gravitas:
713 634 791 664 erat
818 639 905 664 cum
933 626 1114 677 gravitate
1137 627 1292 674 junctus

189 681 409 718 facetiarum
429 688 465 718 et
482 679 704 717 urbanitatis
723 679 918 726 oratorius,
947 691 1023 717 non
1042 679 1219 726 scurrilis,
1238 680 1291 717 le-

189 747 282 784 pos:
313 734 450 771 Latine
468 733 648 784 loquendi
666 740 850 781 accurata,
865 740 901 770 et
919 732 998 770 sine
1015 732 1189 770 molestia
1207 732 1294 770 dili-

191 800 297 837 gens,
317 786 525 837 elegantia:
554 786 595 824 in
613 786 826 824 disserendo
836 786 933 823 mira
950 785 1148 836 explicatio
1165 800 1175 823 z
1205 798 1293 824 011111

193 840 240 878 de
256 841 341 889 jure
360 839 474 887 civili,
494 853 583 878 cum
601 839 647 877 de
667 852 774 890 aequo
786 846 822 877 et
839 841 938 877 bono
953 839 1219 890 disputaretur,
1235 852 1295 877 ar-

195 899 466 945 gumentorum
485 900 521 932 et
540 893 831 932 similitudinum
849 893 968 944 copia.

249 947 452 984 XXXIX.
481 948 602 993 Nam,
621 953 665 984 ut
683 946 890 993 Antonius,
911 945 1124 996 conjectura
1141 957 1297 984 moven-

196 1000 261 1047 (13,
281 1007 348 1037 aut
366 1000 530 1038 sedanda
548 1000 757 1050 suspicione
776 1007 842 1037 aut
860 1000 1071 1047 excitanda,
1097 1000 1297 1038 incredibi-

196 1054 274 1091 lem
287 1053 366 1090 vim
379 1053 567 1098 habebat,
556 1067 566 1076 ·
598 1054 648 1091 510
661 1053 701 1090 111
713 1053 1005 1103 interpretando,
1019 1053 1060 1090 in
1072 1052 1298 1100 definiendo,

196 1106 239 1144 in
257 1107 481 1158 explicanda
505 1107 695 1158 aequitate,
715 1107 811 1144 nihil
830 1113 908 1144 erat
926 1106 1060 1144 Crasso
1084 1106 1296 1167 copiosius.

198 1160 315 1211 idque
333 1173 421 1198 011111
441 1173 538 1212 saepe
556 1161 661 1208 alias,
681 1167 765 1197 tum
784 1160 887 1210 apud
904 1159 1155 1198 centumviros
1176 1159 1216 1196 in
1235 1160 1299 1197 M’

200 1213 308 1251 Curii
325 1226 437 1252 031153
450 1214 643 1264 cognitum
662 1220 727 1251 est.
768 1213 831 1250 Ita
849 1213 950 1250 enim
967 1213 1092 1251 multa
1109 1219 1193 1250 tum
1213 1225 1301 1251 con-

198 1273 259 1304 tra
277 1267 458 1318 scriptum
481 1280 550 1318 pro
576 1279 684 1318 aequo
713 1274 750 1305 et
773 1268 872 1304 bono
898 1266 1008 1313 dixit,
1037 1273 1082 1304 ut
1104 1266 1300 1305 hominem

199 1320 474 1367 acutissimum,
499 1320 549 1368 Q.
577 1320 798 1367 Scaevolam,
825 1327 862 1358 et
882 1319 923 1357 in
947 1321 1045 1368 jure,
1064 1320 1104 1356 in
1131 1333 1207 1370 quo
1234 1320 1302 1359 illa

200 1387 314 1412 causa
339 1376 566 1421 vertebatur,
589 1373 883 1424 paratissimum,
910 1375 1084 1411 obrueret
1100 1386 1304 1424 argumen-

201 1434 328 1465 torum
347 1428 684 1478 exemplorumque
701 1427 832 1478 copia:
873 1433 987 1477 atque
1004 1426 1058 1465 ita
1075 1433 1160 1464 tum
1178 1428 1226 1465 ab
1245 1428 1304 1466 his

202 1481 370 1531 patronis
403 1481 624 1532 aequalibus,
654 1481 768 1518 etiam
797 1480 1068 1527 consularibus,
1098 1492 1210 1518 031153
1237 1481 1305 1519 ina

203 1534 304 1571 dicta
323 1542 391 1580 est,
411 1547 500 1572 cum
518 1542 677 1585 uterque
695 1547 742 1572 ex
768 1533 953 1572 contraria
976 1540 1083 1583 parte
1106 1534 1170 1582 jus
1195 1534 1305 1573 civile

203 1587 432 1635 defenderet,
446 1595 490 1625 ut
507 1587 764 1638 eloquentium
779 1586 1122 1637 jurisperitissimus
1134 1586 1305 1636 Crassus,

202 1640 507 1691 jurisperitorum
527 1641 853 1692 eloquentissimus
878 1640 1058 1688 Scaevola,
1084 1647 1306 1690 putaretur·
1293 1670 1306 1688 ‚

204 1693 273 1744 qui
294 1693 449 1754 quidem
474 1707 561 1732 cum
586 1702 784 1745 peracutus
810 1701 904 1732 esset
926 1693 975 1731 ad
999 1693 1305 1744 excogitandum,

203 1746 332 1797 quid
322 1759 362 1783 111
386 1748 471 1795 jure
496 1755 562 1785 aut
586 1748 627 1785 in
654 1761 762 1799 aequo
780 1760 912 1785 verum
931 1753 999 1784 aut
1016 1754 1123 1795 esset,
1143 1754 1210 1785 aut
1228 1760 1306 1786 non

202 1805 311 1847 esset,
331 1806 414 1837 tum
434 1801 554 1838 verbis
580 1807 658 1838 erat
677 1801 724 1838 ad
742 1814 823 1838 rem
843 1813 931 1840 cum
950 1799 1102 1837 summa
1126 1801 1308 1839 brevitate

202 1828 425 1891 mirabiliter
443 1862 565 1904 aptus.
613 1854 743 1901 Quare
761 1854 810 1892 sit
826 1855 934 1892 nobis
952 1860 1076 1890 orator
1102 1852 1141 1890 in
1159 1853 1260 1891 hoc
1249 1867 1308 1892 111-

202 1907 446 1956 terpretandi,
466 1907 783 1958 explanandique,
804 1914 840 1945 et
858 1905 1061 1944 disserendi
1079 1919 1214 1956 genere
1231 1908 1308 1946 mi„

203 1960 346 2007 rabilis,
374 1960 426 1998 510
449 1967 493 1998 ut
517 1960 638 1998 simile
663 1961 758 1997 nihil
783 1960 968 1998 viderim:
998 1959 1039 1996 in
1058 1960 1245 2010 augendo,
1265 1961 1306 1999 in

203 2013 386 2060 ornando,
406 2014 446 2051 in
461 2013 678 2061 refellendo,
692 2013 813 2064 magis
828 2013 1062 2052 existimator
1081 2014 1308 2052 metuendus

204 2079 321 2116 quam
336 2066 580 2106 admirandus
598 2074 732 2106 orator.
763 2067 910 2106 Verum
925 2067 973 2106 ad
987 2065 1168 2106 Crassum
1186 2080 1308 2108 rever-

202 2126 338 2158 tamur.
