1407 2324
142 61 220 101 DE
241 56 447 100 CLARIS
466 50 853 99 ORATORIBUS,
874 48 977 88 CAP.
999 48 1064 86 23.
1093 47 1173 91 377

74 169 162 208 dine
185 179 274 207 cum
299 164 412 204 servis
436 161 592 200 literatis
616 159 744 207 fuisse,
770 168 934 208 quorum
960 154 1042 192 aliis
1068 153 1174 191 aliud

75 223 215 261 dictare
243 219 374 258 eodem
403 225 570 266 tempore
599 213 729 251 solitus
756 217 874 249 esset:
903 207 1054 246 interim
1084 219 1173 244 cum

77 282 171 314 esset
195 274 230 312 ei
258 271 476 310 nuntiatum
502 275 651 317 tempus
677 277 767 311 esse,
796 264 916 300 exisse
940 261 979 298 in
1006 259 1103 297 aedes
1131 272 1174 297 eo

77 327 212 375 colore,
241 332 278 363 et
295 325 340 362 iis
358 322 488 368 oculis,
509 328 552 357 ut
571 320 687 369 egisse
705 328 871 362 causam,
892 327 968 351 non
983 324 1174 350 commen-

79 387 202 418 tatum
219 386 381 430 putares.
424 374 603 412 Addebat
622 372 749 417 etiam,
770 369 884 419 idque
903 367 950 404 ad
964 378 1043 403 rem
1062 365 1178 416 perti-

79 446 168 472 nere
193 433 365 483 putabat,
394 428 588 478 scriptores
613 425 696 461 illos
721 423 822 460 male
847 421 1030 457 mulcatos
1058 419 1179 456 exisse

81 499 169 525 cum
203 484 354 528 Galbag
392 494 440 519 ex
472 493 548 531 quo
584 476 830 527 significabat,
868 474 992 518 illum,
1031 483 1106 508 non
1138 471 1178 508 in

81 538 227 590 agendo
246 537 384 583 solum,
405 533 469 572 sed
488 533 600 570 etiam
615 532 653 568 in
672 527 903 573 meditando,
919 526 1179 563 vehementem

82 600 197 643 atque
228 591 423 627 incensum
455 586 579 623 fuisse.
627 582 733 630 Quid
765 581 918 618 multa?
947 576 1088 627 magna
1115 589 1180 614 ex-

84 644 324 696 spectatione,
343 639 518 692 plurimis
537 636 789 680 audientibus,
810 644 933 670 coram
960 631 1041 681 ipso
1061 629 1182 667 Laelio

85 699 137 736 sic
151 697 258 734 illam
272 707 438 739 causam,
459 692 563 729 tanta
581 690 619 728 vi
637 688 816 737 tantaque
835 684 1028 735 gravitate,
1045 682 1182 719 dixisse

86 751 267 798 Galbam,
286 756 331 786 ut
354 747 461 785 nulla
482 745 558 782 fere
571 756 657 794 pars
675 739 850 779 orationis
869 737 1013 775 silentio
1031 742 1183 785 praeter-

85 804 213 842 iretur.
275 801 410 851 Itaque
438 797 568 835 multis
595 793 769 847 querelis,
803 790 1001 840 multaque
1029 788 1183 825 misera-

86 857 188 894 tione
213 854 396 901 adhibita,
422 851 551 898 socios,
577 847 753 887 omnibus
780 842 1088 896 approbantibus,
1116 841 1184 878 illa

87 910 162 957 die,
178 907 382 959 quaestione
399 905 573 942 liberatos
592 914 679 939 esse.

140 960 308 1001 XXIII.
328 959 391 997 Ex
409 958 480 995 hac
499 953 697 993 Rutiliana
713 950 923 989 narratione
942 946 1120 998 suspicari
1137 946 1184 983 li-

89 1022 161 1062 cet,
192 1026 281 1052 cum
308 1012 394 1049 duae
419 1021 578 1048 summae
607 1007 680 1045 sint
705 1005 744 1042 in
769 1010 913 1041 oratore
936 1001 1080 1046 laudes,
1108 1011 1186 1036 una

89 1068 275 1107 subtiliter
299 1062 529 1115 disputandi,
556 1060 604 1097 ad
627 1057 862 1101 docendum3
893 1054 1008 1092 altera
1026 1053 1188 1103 graviter

91 1120 242 1172 agendi,
261 1118 310 1156 ad
323 1118 468 1154 animos
483 1113 717 1152 audientium
730 1107 1000 1161 permovendos
1013 1119 1025 1151 3
1046 1106 1186 1142 multo-

93 1187 168 1226 que
185 1174 272 1224 plus
289 1169 459 1222 proficiat
475 1168 520 1215 is,
547 1166 613 1217 qui
637 1164 847 1202 inflammet
869 1160 1049 1210 judicem,
1070 1171 1186 1209 quam

92 1228 171 1275 ille,
191 1225 257 1277 qui
276 1224 429 1268 doceat;
459 1219 682 1270 elegantiam
701 1217 740 1253 in
761 1214 894 1262 Laelio,
915 1213 992 1251 vim
1007 1212 1047 1248 in
1063 1210 1189 1248 Galba

95 1281 220 1318 fuisse.
260 1276 360 1324 Quae
388 1274 542 1326 quidem
568 1272 622 1309 vis
647 1278 731 1307 tum
755 1267 922 1305 maxime
947 1265 1095 1315 cognita
1119 1269 1187 1310 est,

96 1345 199 1380 cum,
227 1328 419 1369 Lusitanis
445 1340 467 1364 a
493 1327 570 1364 Ser.
588 1323 713 1361 Galba
735 1328 905 1372 praetore,
932 1324 1060 1356 contra
1076 1317 1190 1354 inter-

96 1386 257 1437 positam
277 1386 337 1425 (ut
355 1380 653 1423 existimabatur)
674 1375 802 1421 fidem,
822 1371 1037 1418 interfectis,
1058 1370 1107 1407 T.
1122 1369 1190 1407 Li-

95 1441 194 1477 bone
207 1436 358 1475 tribuno
372 1432 491 1484 plebis
504 1430 690 1482 populum
704 1427 894 1473 incitante,
911 1431 947 1462 et
960 1423 1191 1473 rogationem

96 1492 137 1529 in
158 1491 338 1535 Galbam,
365 1484 550 1538 privilegii
576 1482 751 1528 similem,
779 1479 933 1526 ferente,
961 1475 1111 1514 summa
1136 1488 1192 1512 se-

98 1550 261 1590 nectute,
287 1548 332 1578 ut
356 1547 442 1577 ante
467 1537 561 1584 dixi,
589 1535 649 1573 M.
667 1534 774 1581 Cato,
801 1533 924 1581 legem
950 1529 1122 1574 suadens,
1151 1528 1192 1565 in

99 1598 266 1636 Galbam
297 1593 420 1631 multa
447 1590 566 1628 dixit:
597 1600 713 1639 quam
745 1585 950 1623 orationem
982 1582 1023 1619 in
1054 1584 1081 1604 “
1102 1581 1192 1620 Ori-

97 1650 228 1702 gines'’
244 1660 330 1686 suas
347 1645 488 1690 retulit,
507 1642 635 1694 paucis
650 1647 852 1690 antequam
870 1642 1042 1674 mortuus
1060 1642 1128 1682 est,
1145 1647 1191 1671 an

99 1704 246 1750 diebus,
274 1713 322 1738 an
354 1698 576 1736 mensibus?
616 1693 723 1731 Tum
754 1691 868 1742 igitur
895 1689 992 1726 nihil
1022 1699 1194 1725 recusans

102 1756 228 1795 Galba
244 1766 313 1806 pro
331 1764 422 1799 sese,
447 1757 484 1788 et
500 1747 632 1800 populi
651 1744 817 1784 Romani
840 1743 955 1780 fidem
973 1741 1194 1790 implorans,

101 1821 191 1848 cum
217 1819 303 1846 suos
326 1816 475 1856 pueros,
501 1810 584 1840 tum
612 1800 656 1838 C.
674 1797 776 1836 Galli
802 1796 914 1834 etiam
940 1794 1076 1841 filium,
1104 1792 1197 1829 flens

102 1860 416 1904 commendabat3
444 1857 552 1905 cujus
576 1853 713 1892 orbitas
739 1858 775 1888 et
799 1850 907 1887 fletus
931 1847 1026 1884 mire
1043 1845 1196 1882 misera-

103 1915 190 1954 bilis
211 1913 286 1951 fuit
309 1918 460 1963 propter
476 1914 662 1946 recentem
679 1903 901 1942 memoriam
919 1898 1114 1938 clarissimi
1131 1909 1198 1947 pa-

104 1968 195 2006 tris:
224 1967 330 2017 isque
355 1977 394 2001 se
418 1970 501 2001 tum
527 1959 663 2010 eripuit
687 1956 856 2003 flamma,
886 1958 1036 2004 propter
1064 1962 1200 2001 pueros

105 2017 355 2059 misericordia
378 2014 511 2068 populi
539 2011 741 2058 commota,
773 2010 867 2046 sicut
890 2005 990 2043 idem
1019 2004 1199 2054 scriptum

105 2072 256 2124 reliquit
270 2071 376 2111 Cato.
418 2070 551 2120 Atque
569 2066 683 2106 etiam
701 2064 827 2115 ipsum
843 2060 1030 2098 Libonem
1049 2068 1124 2095 non
1142 2055 1200 2094 in-

761 2117 785 2152 2
807 2125 835 2151 x
855 2114 880 2150 3
