1407 2324
238 49 316 90 DE
344 49 637 100 ORATORE‚
667 50 765 89 Lm.
787 49 869 89 111.
898 49 1002 89 Cn».
1023 49 1061 86 8.
1124 45 1202 91 207

101 157 330 209 colliguntur
346 171 453 210 paene
469 158 760 197 innumerabiles
778 158 1001 208 voluptates,
1024 167 1109 206 quae
1134 163 1203 190 nos

101 210 156 248 ita
172 211 338 262 capiunt,
359 220 402 250 ut
426 224 547 250 unum
566 224 717 250 sensum
735 211 907 250 dissimili
928 221 1061 260 genere
1081 207 1203 245 delec-

100 270 205 309 oent;
230 272 266 302 et
284 265 446 316 reliquos
460 278 587 303 sensus
602 266 809 315 voluptates
823 265 1009 302 oblectant
1022 261 1200 320 dispares,

99 324 143 354 ut
161 317 209 354 sit
226 317 375 356 difficile
388 318 574 366 judicium
590 319 802 356 excellentis
816 317 982 354 maxime
996 320 1200 371 suavitat1s3

150 370 209 407 At
226 370 296 408 hoc
313 371 428 417 idem,
449 371 551 422 quod
569 379 623 409 est
640 372 680 409 in
699 371 840 408 naturis
855 383 994 415 rerum,
1010 367 1200 405 transferri

97 429 219 473 potest
237 424 349 461 etiam
367 425 416 462 ad
434 433 540 462 artes.
582 425 670 462 Una
694 424 861 474 fingendi
885 430 939 461 est
960 435 1032 468 ars,
1057 421 1097 457 in
1121 419 1198 470 qua

95 483 311 525 praestantes
328 477 481 515 fuerunt
499 478 629 528 Myro,
648 478 875 527 Polycletus,
893 475 1103 526 Lysippum
1129 471 1197 523 qui

95 541 225 567 omnae
242 530 339 567 inter
357 544 395 568 se
413 531 609 569 dissimiles
627 531 805 576 fuerunt3
836 529 900 567 sed
917 529 969 566 ita
991 537 1131 572 tamen,
1152 532 1197 562 ut

93 582 284 620 neminem
303 583 361 620 sui
376 584 465 621 velis
477 597 554 622 esse
567 584 798 621 dissimilem.
827 583 918 621 Una
936 588 990 619 est
1008 594 1066 618 ars
1084 579 1197 617 ratio-

91 647 167 684 que
184 635 364 685 picturae3
389 637 704 688 dissimillimique
723 644 848 674 tamen
866 636 963 672 inter
981 647 1019 671 se
1039 632 1193 679 Zeuxis,

90 688 336 738 Aglaophon,
368 690 548 740 Apelles:
587 703 709 741 neque
737 702 866 727 eorum
894 688 1095 739 quisquam
1124 692 1193 732 est,

92 741 154 778 cui
173 742 382 792 quidquam
400 743 439 780 in
458 751 536 781 arte
554 744 622 781 sua
636 745 760 780 deesse
778 743 957 780 videatur.
985 740 1052 786 Et,
1073 739 1104 776 si
1121 738 1194 776 hoc

91 792 132 830 in
157 794 216 832 his
241 796 347 846 quasi
372 796 487 834 mutis
512 797 652 834 artibus
678 805 732 833 est
757 795 986 841 mirandum,
1012 800 1048 830 et
1066 799 1193 829 tamen

90 859 223 885 verum
238 861 250 893 ς
289 857 431 899 quanto
459 849 716 887 admirabilius
744 849 783 885 in
816 848 981 886 oratione
1009 853 1122 896 atque
1150 844 1191 882 in

88 899 252 950 lingua?
276 914 362 952 quae
379 915 467 940 cum
485 903 524 939 in
542 902 674 940 iisdem
693 902 881 939 sententiis
900 899 1094 950 verbisque
1109 910 1190 936 ver-

88 960 202 1000 setur,
232 967 399 992 summas
425 955 538 993 habet
567 955 911 1000 dissimilitudines3
949 965 1025 991 non
1052 952 1117 998 sic,
1146 957 1190 988 ut

87 1005 152 1042 alii
171 1007 407 1058 vituperandi
424 1008 511 1055 sint,
532 1009 595 1046 sed
613 1015 657 1046 ut
673 1009 714 1055 ii,
735 1021 828 1059 quos
846 1014 988 1046 constet
1005 1018 1081 1043 esse
1105 1004 1189 1041 lau-

86 1057 243 1108 dandos,
266 1060 307 1097 in
331 1061 470 1112 dispari
495 1070 620 1099 tamen
646 1074 780 1112 genere
803 1060 1015 1098 laudentur.
1053 1059 1188 1110 Atque

85 1110 126 1148 id
143 1113 311 1162 primum
329 1113 369 1151 in
387 1115 506 1166 poe‘tis
525 1115 624 1153 cerni
645 1115 744 1162 licet,
771 1115 909 1165 quibus
934 1120 989 1151 est
1012 1111 1186 1162 proxima

83 1166 256 1214 cognatio
270 1179 358 1204 cum
372 1168 593 1216 oratoribus,
610 1181 726 1219 quam
738 1168 812 1205 sint
822 1168 918 1205 inter
930 1179 1007 1205 sese
1018 1165 1183 1213 Ennius,

82 1217 286 1267 Pacuvius,
304 1220 520 1271 Acciusque
537 1221 759 1267 dissimiles3
785 1233 901 1272 quam
915 1219 1017 1270 apud
1033 1219 1184 1256 Graecos

81 1269 300 1322 AEschylus‚
311 1274 525 1324 Sophocles,
538 1274 752 1324 Euripides,
762 1285 995 1324 quamquam
1006 1270 1184 1310 omnibus

81 1335 150 1375 par
167 1337 273 1374 paene
290 1327 373 1364 laus
390 1327 430 1364 in
444 1327 615 1364 dissimili
633 1327 818 1364 scribendi
833 1338 967 1377 genere
981 1325 1180 1362 tribuatur.

131 1377 328 1428 Adspicite
347 1391 447 1417 nunc
466 1392 527 1417 eos
540 1379 710 1417 homines
727 1387 841 1430 atque
857 1377 1071 1426 intuemini,
1087 1389 1181 1428 quo-

78 1441 166 1466 rum
184 1430 231 1468 de
253 1431 431 1469 facultate
455 1432 672 1483 quaerimus,
693 1432 787 1485 quid
810 1432 954 1470 intersit
978 1431 1074 1470 inter
1097 1442 1181 1469 ora-

78 1488 205 1520 torum
229 1484 352 1522 studia
375 1492 490 1536 atque
516 1493 680 1523 naturas.
722 1485 954 1524 Suavitatem
983 1484 1179 1531 Isocrates,

77 1536 324 1574 subtilitatem
366 1537 514 1588 Lysias,
553 1550 711 1576 acumen
748 1538 975 1589 HyperideS,
1014 1537 1179 1575 sonitum

75 1588 288 1636 AEschines,
302 1590 380 1628 vim
391 1590 664 1629 Demosthenes
675 1591 818 1629 habuit.
849 1591 947 1638 Quis
959 1603 1087 1628 eorum
1101 1602 1178 1627 non

74 1642 276 1692 egregius?
314 1650 441 1682 tamen
467 1645 551 1695 quis
579 1645 803 1695 cujusquam
830 1644 902 1682 nisi
928 1644 987 1682 sui
1011 1643 1174 1681 similis?

75 1694 310 1734 Gravitatem
327 1696 545 1744 Africanus,
560 1698 752 1735 lenitatem
767 1697 923 1744 Laelius,
939 1697 1175 1748 asperitatem

76 1747 214 1796 Galba,
235 1749 423 1799 profluens
441 1751 623 1802 quiddam
641 1751 775 1789 habuit
789 1751 912 1789 Carbo
931 1758 968 1788 et
981 1762 1173 1788 canorum.

75 1799 175 1847 Quis
198 1801 335 1840 horum
361 1815 437 1841 non
461 1804 632 1854 princeps
658 1804 887 1854 temporibus
912 1803 986 1841 illis
1004 1803 1108 1841 fuit?
1136 1811 1174 1842 et

73 1865 143 1891 suo
161 1861 286 1892 tamen
305 1855 464 1907 quisque
482 1857 522 1894 in
540 1870 674 1908 genere
691 1858 874 1908 princeps.

127 1906 250 1944 VIII.
279 1908 354 1947 Sed
372 1909 464 1960 quid
483 1922 551 1960 ego
569 1917 693 1948 vetera
713 1910 946 1961 conquiram,
967 1921 1054 1946 cum
1076 1908 1172 1947 mihi

70 1957 181 1997 liceat
207 1960 265 1998 uti
289 1963 533 2011 praesentibus
558 1963 739 2014 exemplis
764 1971 877 2014 atque
902 1962 1025 2000 vivis?
1064 1962 1171 2008 Quid

67 2010 273 2059 jucundius
291 2015 444 2053 auribus
461 2016 595 2054 nostris
612 2028 784 2068 unquam
801 2015 934 2054 accidit
951 2015 1065 2062 hujus
1087 2027 1169 2052 ora-

70 2063 173 2103 tione
203 2065 330 2105 Catuli
343 2069 361 2106 ‚⁹
400 2081 485 2119 quae
516 2076 571 2107 est
600 2083 697 2120 pura
728 2069 793 2117 sic,
827 2076 870 2107 ut
899 2067 1035 2105 Latine
1062 2067 1169 2118 loqui

69 2128 177 2166 paene
194 2118 293 2159 solus
311 2119 493 2172 videatur,
513 2122 565 2162 sic
581 2130 709 2162 autem
726 2121 923 2174 gravisyut
935 2121 974 2159 in
988 2120 1169 2173 singulari
