1429 2344
176 63 226 101 48
282 63 358 104 DE
390 65 777 112 INVENTIONE,
810 67 906 105 11113.
926 67 957 105 1.
989 66 1173 109 enan.

176 178 212 208 et
233 172 346 211 latius
370 182 486 225 patet,
511 187 626 226 quam
653 175 716 213 hic
743 176 967 226 exponitur:
999 174 1063 213 sed
1088 175 1169 222 ejus
1194 172 1283 209 arti.

176 224 250 262 ficii
275 228 437 277 cognitio
461 229 680 278 hujusmodi
709 238 776 275 est,
808 237 852 266 ut
879 241 952 266 non
982 229 1030 266 ad
1055 229 1170 276 hujus
1192 226 1282 263 artis

174 287 319 328 partem
347 281 515 332 aliquam
541 282 698 333 adjungi
724 283 854 333 possit,
883 282 948 320 sed
973 283 1054 332 ipsa
1081 279 1283 332 separatim

174 331 278 383 longi
298 335 490 385 temporis,
511 343 548 373 et
569 348 720 386 magnae
745 344 858 387 atque
882 336 1010 373 arduae
1035 333 1281 385 cogitationis,

174 386 367 437 indigeat:
406 401 522 439 quare
552 389 618 426 illa
647 390 755 427 nobis
785 390 858 427 alio
888 396 1057 440 tempore
1088 394 1202 439 atque
1234 386 1282 423 ad

174 439 278 477 aliud
314 440 545 489 institutum,
585 443 615 480 si
653 443 811 480 facultas
851 443 934 490 erit,
977 441 1280 492 explicabuntur.

175 492 292 531 Nunc
317 495 376 531 his
401 495 713 546 praeceptionibus
738 497 931 534 rhetorum
956 495 1006 533 ad
1026 508 1140 533 usum
1159 501 1281 532 orato-

172 545 273 583 rium
303 556 495 586 contentos
524 561 592 587 nos
621 563 699 587 esse
727 549 924 601 oportebit.
966 548 1068 586 Cum
1093 548 1209 598 igitur
1234 558 1281 584 ex

171 598 230 645 iis,
251 613 338 650 quae
355 609 572 651 sumuntur,
593 603 738 654 aliquid
756 616 832 640 non
853 602 1082 650 conceditur,
1103 601 1155 639 sic
1175 600 1281 638 infir-

172 654 351 692 mabitur.

224 706 405 747 XLVII.
432 710 534 748 Cum
553 718 696 759 autem,
716 712 774 749 his
793 710 985 757 concessis,
1006 707 1218 760 complexio
1232 720 1279 746 ex

170 759 228 798 his
256 773 333 799 non
362 764 569 811 conficitur,
600 765 681 803 haec
709 772 819 803 erunt
851 764 1145 803 consideranda:
1184 774 1280 799 num

168 814 274 852 aliud
292 817 522 867 conficiatur,
546 818 650 855 aliud
676 818 835 866 dicatur,
855 819 926 856 hoc
947 817 1085 855 modo:
1116 816 1172 865 Si,
1191 828 1280 853 cum

169 868 306 919 aliquis
335 870 434 907 dicat
463 884 501 908 se
531 871 742 922 profectum
767 885 846 910 esse
869 871 918 909 ad
944 870 1165 917 exercitum,
1191 881 1280 906 con-

168 928 302 972 traque
329 936 417 961 eum
445 924 530 975 quis
558 925 647 963 velit
673 925 744 963 hac
771 924 1096 976 argumentatione
1122 923 1203 961 uti:
1238 922 1279 960 Si

168 976 329 1014 venisses
358 977 407 1014 ad
436 978 656 1025 exercitum,
688 992 711 1016 a
724 979 896 1017 ‘tribunis
923 978 1150 1016 militaiibus
1178 976 1280 1014 visus

167 1041 289 1067 esses:
324 1042 401 1068 non
434 1044 472 1068 es
502 1038 630 1070 autem
660 1034 708 1070 ab
736 1033 796 1070 his
826 1032 954 1077 visus;
994 1043 1070 1068 non
1097 1044 1136 1069 es
1162 1030 1279 1080 igitur

167 1082 355 1132 profectus
373 1084 421 1122 ad
441 1085 659 1123 exercitum.
699 1086 778 1123 Hic
797 1098 884 1123 cum
904 1085 1123 1124 concesseris
1141 1096 1278 1134 propo-

167 1135 340 1174 sitionem
366 1144 403 1175 et
426 1139 711 1187 assumtionem,
731 1139 944 1190 complexio
963 1145 1018 1177 est
1035 1136 1274 1176 infirmanda.

166 1189 290 1227 Aliud
309 1190 425 1238 enim,
446 1203 563 1242 quam
583 1195 799 1242 cogebatur,
819 1193 969 1230 illatum
989 1199 1054 1230 est.
1095 1191 1158 1229 Ac
1176 1202 1278 1228 nunc

165 1243 335 1294 quidem,
356 1257 432 1295 quo
454 1245 600 1283 facilius
625 1259 682 1283 res
709 1254 1004 1297 cognosceretur,
1024 1245 1221 1296 perspicuo
1240 1250 1277 1281 ct

165 1297 299 1347 grandi
332 1298 423 1336 vitio
454 1298 657 1349 praeditum
689 1300 886 1350 posuimus
922 1299 1169 1349 exemplum:
1211 1297 1276 1335 sed

166 1363 265 1401 saepe
293 1351 487 1390 obscurius
516 1352 683 1403 positum
712 1353 847 1391 vitium
873 1365 942 1404 pro
968 1365 1054 1390 vero
1079 1353 1273 1402 probatur,

165 1416 254 1441 cum
273 1412 340 1442 aut
353 1418 490 1456 parum
509 1406 725 1444 memineris
743 1407 837 1458 quid
855 1405 1089 1452 concesseris,
1109 1412 1176 1443 aut
1194 1417 1276 1442 am-

164 1457 327 1508 biguum
346 1459 491 1510 aliquid
509 1472 577 1510 pro
596 1468 694 1497 certo
709 1460 940 1498 concesseris.
980 1459 1226 1509 Ambiguum
1245 1458 1275 1496 si

164 1512 383 1550 concesseris
406 1525 453 1550 ex
479 1513 524 1550 ea
549 1520 654 1563 parte
681 1526 798 1564 quam
823 1514 903 1564 ipse
924 1512 1166 1560 intellexeris,
1191 1524 1274 1549 eam

163 1571 311 1615 partem
323 1566 354 1603 si
368 1565 600 1604 adversarius
613 1567 661 1604 ad
674 1567 790 1604 aliam
804 1574 949 1618 partem
966 1580 1032 1617 per
1046 1565 1275 1616 complexim

164 1631 252 1656 nem
272 1619 361 1656 velit
375 1620 682 1665 accommodare3
710 1621 965 1658 demonstrare
979 1619 1178 1670 oportebit,
1198 1630 1275 1656 non

164 1685 210 1709 ex
230 1684 273 1709 eo
292 1673 394 1723 quod
412 1673 492 1723 ipse
512 1674 744 1722 concesseris,
765 1674 830 1712 sed
849 1687 896 1712 ex
915 1687 958 1712 eo
976 1673 1080 1724 quod
1094 1673 1158 1710 ille
1171 1685 1275 1709 sum-

163 1725 264 1773 serit,
299 1726 430 1763 confici
459 1727 773 1778 complexionem,
807 1727 856 1764 ad
883 1727 986 1765 hunc
1011 1726 1194 1764 modum:
1234 1726 1275 1763 Si

162 1778 332 1829 pecuniae
357 1779 546 1830 indigetis,
573 1781 773 1830 pecuniam
799 1793 874 1818 non
899 1780 1069 1818 habetis:
1104 1779 1135 1817 si
1160 1792 1274 1830 pecu-

162 1832 266 1869 niam
294 1845 370 1870 non
398 1833 556 1879 habetis,
587 1847 770 1884 pauperes
797 1834 908 1872 estis:
943 1832 1118 1884 indigetis
1145 1839 1272 1870 autem

161 1885 357 1935 pecuniae3
398 1894 619 1924 mercaturae
651 1888 767 1934 enim,
797 1887 868 1925 nisi
896 1887 949 1924 ita
978 1894 1085 1933 esset,
1119 1898 1273 1937 operam

162 1951 238 1976 non
267 1939 427 1977 daretis:
463 1953 646 1990 pauperes
674 1941 790 1992 igitur
815 1941 911 1979 estis.
956 1940 1042 1978 Hoc
1069 1940 1121 1978 sic
1148 1952 1273 1990 repre-

162 1992 363 2030 henditur:
395 1993 496 2031 Cum
515 1993 677 2041 dicebas,
698 1995 729 2031 si
754 1994 929 2045 indigetis
951 1993 1134 2044 pecuniae,
1159 2006 1274 2044 pecu-

162 2046 265 2083 niam
293 2058 369 2084 non
396 2047 567 2092 habeti53
597 2047 667 2085 hoc
693 2048 965 2098 intelligebam,
987 2047 1017 2085 si
1039 2054 1191 2098 propter
1214 2046 1272 2083 in-

161 2099 289 2149 opiam
317 2100 356 2138 in
380 2108 542 2150 egestate
569 2101 668 2149 estis,
698 2102 897 2153 pecuniam
925 2113 1001 2139 non
1028 2100 1201 2146 habetis3
1236 2107 1272 2137 et
