1407 2308
268 68 347 109 DE
374 68 1045 120 ORATORE‚L11³.1.CA1›.59
1133 75 1211 113 185

99 187 163 215 me
180 187 352 238 unquam
367 178 431 240 J’us
449 177 557 218 civile
580 177 765 226 didicisse,
785 191 909 232 neque
932 186 1074 228 tamen,
1094 180 1134 218 in
1153 181 1201 219 iis

97 229 218 269 causis
236 241 331 281 quas
347 230 388 269 in
403 232 490 280 jure
507 244 654 283 possem
669 232 880 280 defendere,
894 245 1066 284 unquam
1085 233 1198 272 istam

97 282 291 322 scientiam
305 283 541 323 desiderasse.
570 285 694 323 Aliud
713 293 767 324 est
783 286 899 334 enim,
920 299 998 324 esse
1015 286 1198 325 artificem

97 335 295 386 cujusdam
313 337 458 387 generis
476 345 590 390 atque
607 339 710 386 artis,
726 339 858 377 aliud
847 352 886 377 m
906 340 1100 377 communi
1119 340 1198 378 vita

98 395 136 427 et
153 389 300 440 vulgari
325 389 526 429 hominum
551 392 819 430 consuetudine
843 405 911 430 nec
936 393 1108 431 hebetem
1130 405 1200 432 nec

99 441 245 480 rudem.
285 442 360 481 Cui
378 447 546 482 nostrum
565 456 641 482 non
660 445 746 483 licet
763 445 900 483 fundos
917 452 1061 484 nostros
1079 446 1197 495 obire,

99 502 166 533 aut
189 508 247 533 res
272 496 441 545 rusticas,
467 497 526 535 vel
543 497 686 536 fructus
710 499 822 536 caus&
846 499 906 536 vel
930 498 1198 548 delectationis,

98 548 280 587 invisere.
270 551 287 577 9
316 556 444 588 tamen
475 562 588 588 nemo
619 558 698 589 tam
732 552 811 589 sine
842 551 973 599 oculis,
1007 559 1086 589 tam
1119 552 1199 592 sine

98 610 225 640 mente
243 602 348 650 vivit,
364 610 422 651 ut,
442 603 535 654 quid
553 604 602 642 sit
619 605 793 642 sementis
812 617 854 642 ac
872 605 1016 652 messis,
1032 605 1125 655 quid
1139 619 1199 643 ar-

99 655 236 692 borum
253 655 400 706 putatio
417 669 461 694 ac
478 657 628 706 vitium,
644 670 721 708 quo
740 664 907 708 tempore
925 658 1028 706 anni,
1043 665 1108 696 aut
1122 672 1200 710 quo

100 708 214 746 modo
237 721 282 746 ea
305 709 411 757 fiant,
430 710 586 748 omnino
613 710 764 749 nesciat.
793 711 903 748 Num
927 711 1055 761 igitur,
1083 711 1114 749 si
1139 712 1200 750 cui

97 760 240 799 fundus
257 762 524 813 inspiciendus,
544 770 610 801 aut
629 764 659 802 si
677 763 938 801 mandandum
953 763 1097 815 aliquid
1111 777 1197 825 prp-

98 814 260 852 curatori
277 814 325 852 de
348 815 592 865 agricultura,
618 823 685 854 aut
708 816 973 867 imperandum
992 817 1116 855 villico
1135 818 1196 866 sit,

99 866 279 918 Magonis
297 867 614 919 Carthaginiensis
640 877 728 907 sunt
745 870 834 908 libri
857 869 1112 921 perdiscendi.
1103 873 1120 897 9
1150 883 1197 908 an

97 919 168 958 hac
185 921 379 959 communi
402 921 652 984 intelligentia
675 923 840 961 contenti
861 935 940 961 esse
964 935 1188 984 possumus.
1177 926 1196 951 9

98 971 179 1011 Cur
196 985 285 1024 ergo
302 986 378 1012 non
402 974 546 1013 iidem
535 987 575 1013 m
591 976 676 1025 jure
693 976 807 1024 civili,
826 976 1031 1027 praesertim
1051 989 1139 1014 cum
1159 977 1198 1015 in

97 1026 219 1065 musis
240 1033 281 1065 et
303 1027 344 1065 in
369 1028 528 1079 negotiis
546 1036 583 1067 et
607 1029 647 1067 in
665 1029 747 1068 foro
765 1036 1014 1078 conteramur,
1035 1030 1124 1068 satis
1141 1030 1200 1068 in-
1204 1063 1206 1065 .

96 1080 228 1118 structi
246 1092 324 1119 esse
347 1092 548 1142 possumus
564 1082 613 1120 ad
630 1081 701 1121 hoc
725 1082 923 1130 duntaxat,
948 1095 996 1120 ne
1013 1083 1053 1120 in
1072 1084 1200 1121 nostra

97 1133 224 1195 patria
237 1133 425 1184 peregrini
444 1141 558 1186 atque
575 1134 728 1174 advenae
747 1149 824 1175 esse
843 1136 1060 1174 videamur.
1050 1138 1068 1164 9
1088 1136 1150 1174 Ac
1169 1136 1199 1174 si

94 1187 178 1236 jam
196 1186 246 1225 sit
262 1197 374 1225 causa
390 1187 519 1239 aliqua
535 1188 584 1226 ad
601 1200 668 1227 nos
687 1189 810 1227 delata
826 1189 1029 1237 obscurior,
1049 1188 1200 1227 difficile

98 1239 241 1288 (credo)
260 1240 322 1289 sit,
341 1252 430 1279 cum
447 1241 520 1280 hoc
537 1241 704 1281 Scaevola
728 1242 1033 1288 communicare3
1063 1254 1199 1293 quam-

96 1304 215 1344 quam
232 1293 306 1345 ipsi
323 1294 465 1355 omnia,
485 1307 649 1346 quorum
667 1295 860 1346 negotium
880 1303 948 1343 est,
965 1295 1134 1333 consulta
1152 1295 1199 1333 ad

97 1357 167 1384 nos
184 1353 222 1384 et
239 1346 426 1398 exquisita
442 1347 626 1386 deferunt.
655 1348 722 1386 An
738 1361 824 1387 vero
838 1349 869 1386 si
882 1347 929 1386 de
943 1360 983 1386 re
996 1347 1092 1398 ipsa,
1109 1348 1140 1385 si
1153 1347 1201 1386 de

96 1397 252 1449 finibus,
271 1412 360 1438 cum
378 1400 418 1438 in
437 1413 518 1439 rem
542 1409 765 1452 praesentem
791 1413 867 1440 non
886 1401 1072 1448 venimus,
1097 1401 1128 1439 si
1154 1400 1202 1440 de

98 1452 238 1491 tabulis
256 1459 294 1490 et
317 1453 647 1504 perscriptionibus
664 1454 911 1493 controversia
929 1461 996 1502 est,
1017 1460 1202 1493 contortas

98 1516 157 1543 res
175 1512 213 1543 et
230 1518 328 1557 saepe
345 1505 514 1545 difficiles
531 1518 735 1546 necaesano
753 1507 1023 1558 perdiscimus;
1053 1507 1084 1545 si
1101 1507 1202 1558 leges

100 1558 222 1607 nobis,
249 1563 316 1596 'aut
341 1559 372 1597 si
396 1559 596 1599 hominum
618 1561 822 1611 peritorum
848 1573 1024 1611 responsa
1047 1572 1202 1611 cognos-

100 1610 219 1649 cenda
236 1619 338 1673 sunt,
358 1625 543 1661 veremur,
571 1626 619 1651 ne
643 1626 699 1662 ea,
727 1614 758 1651 si
782 1615 829 1651 ab
855 1613 1103 1652 adolescenti&
1124 1613 1201 1663 juri

99 1664 201 1703 civili
218 1665 347 1704 minus
365 1666 633 1728 studuerimus,
653 1679 729 1704 non
748 1680 932 1718 queamus
951 1668 1202 1728 cognoscere?

141 1717 268 1778 ’LIX
297 1719 458 1757 Nihilne
483 1719 600 1770 igitur
625 1720 775 1772 prodest
801 1720 937 1758 oratori
962 1720 1057 1769 juris
1084 1719 1203 1757 civilis

101 1771 279 1810 scientia.
268 1774 286 1800 9
315 1772 407 1810 Νοιι
425 1785 579 1836 possum
599 1786 735 1824 negare
752 1773 925 1825 prodesse
943 1773 1062 1810 ullam
1083 1772 1201 1810 scien-

100 1824 209 1873 tiam,
224 1825 260 1863 ei
271 1826 492 1877 praesertim,
513 1828 620 1876 cujus
639 1827 853 1878 eloquentia
866 1827 974 1877 copia
991 1838 1117 1864 rerum
1138 1825 1203 1862 de-

100 1878 188 1915 beat
212 1890 290 1916 esse
314 1885 467 1917 ornata.
498 1880 560 1918 sed
586 1881 722 1928 multa,
743 1887 779 1918 et
803 1892 956 1930 magna,
977 1887 1014 1917 et
1037 1877 1206 1916 difficilia

101 1938 192 1969 sunt
208 1943 265 1980 αι,
285 1945 372 1983 quae
389 1940 478 1971 sunt
505 1933 641 1972 oratori
665 1933 882 1981 necessaria,
902 1940 946 1970 ut
969 1933 1052 1981 eJus
1074 1929 1206 1969 indus-

103 1983 216 2022 mam
232 1984 274 2022 in
291 1985 404 2036 plura
426 1985 552 2024 mdia
574 1986 779 2025 distrahere
802 1986 932 2024 nolim.
961 1984 1062 2033 Quis
1080 1990 1204 2034 neget,

105 2047 202 2086 opus
230 2049 309 2077 esse
338 2039 489 2088 oratori,
521 2040 562 2078 in
592 2039 666 2079 hoc
695 2039 855 2078 oratorio
881 2046 988 2077 motu
1016 2043 1206 2088 statuque,

111 2088 239 2128 Roscii
256 2099 405 2142 geemm
424 2098 462 2130 et
479 2095 742 2132 venustatem?
770 2100 897 2131 tamen
923 2103 1035 2129 nemo
1053 2089 1209 2128 suaserit

111 2142 286 2182 studiosis
296 2143 444 2184 dicendi
454 2145 786 2195 adolescentibus,
777 2157 816 2184 m
828 2153 936 2195 gestu
948 2143 1122 2183 discendo
1135 2142 1210 2180 his-

819 2209 846 2236 ιι
867 2199 891 2234 3
