1407 2308
173 64 248 104 DE
280 65 666 111 INVENTIONE,
698 66 796 103 Lm.
816 64 872 103 11.
904 64 1088 103 CA1·.5‘2.
1141 64 1215 102 115

109 172 245 209 horum
265 184 446 222 generum
465 172 748 210 accommodati.
779 172 882 210 Nam
902 172 1037 222 placet,
1058 171 1097 208 in
1114 170 1218 220 judi-

110 225 196 262 ciali
221 238 357 276 genere
381 226 495 263 finem
523 239 600 263 esse
627 226 856 276 aequitatem,
883 225 954 262 hoc
979 232 1047 271 est,
1071 231 1217 274 partem

110 279 318 328 quamdam
336 279 563 323 honestatis3
589 279 628 316 in
648 279 889 316 deliberativo
909 286 1050 324 autem,
1070 277 1220 314 Aristo-

111 331 175 368 teli
202 332 324 382 placet
347 332 563 378 utilitatem,
591 332 698 370 nobis
726 339 763 369 et
790 332 1022 370 honestatem
1054 337 1090 367 et
1115 330 1219 367 utili-

111 391 226 422 tatem
242 398 254 429 ς
278 385 316 422 in
336 384 642 432 demonstrativo,
658 385 902 422 honestatem.
933 384 1076 431 Quare,
1092 383 1132 420 in
1147 383 1218 421 hoc

111 450 264 488 quoque
275 449 410 488 genere
422 451 557 485 causae,
571 438 747 489 quaedam
759 437 1101 488 argumentationes
1115 449 1217 474 com-

111 491 278 528 muniter
295 504 338 528 ac
360 491 530 529 similiter
556 493 840 536 tractabuntur3
870 490 1044 541 quaedam
1071 502 1219 540 separa-

111 543 186 579 tius
204 543 252 580 ad
267 544 396 591 finem,
418 557 494 594 quo
513 544 642 581 referri
661 556 814 582 omnem
833 544 1039 581 orationem
1057 550 1216 593 oportet,

111 596 378 646 adjungentur.
408 597 541 647 Atque
555 597 852 648 uniuscujusque
864 595 1137 635 constitutionis
1152 609 1218 632 ex-

109 649 282 699 emplum
305 663 514 700 supponere
539 662 614 687 nou
633 663 889 700 gravaremur,
910 649 981 686 nisi
1000 649 1097 686 illud
1116 648 1218 686 vide-

110 715 250 749 remus,
277 703 600 753 quemadmodum
628 715 685 741 res
712 705 878 741 obscurae
903 702 1059 739 dicendo
1085 702 1217 739 fierent

109 756 323 803 apertiores,
351 757 402 794 sic
429 769 485 794 res
510 764 656 807 apertas
681 756 909 794 obscuriores
934 755 1013 792 fieri
1038 755 1215 792 oratione.

112 809 227 846 Nunc
246 808 293 845 ad
312 809 588 846 deliberationis
606 816 792 860 praecepta
809 821 1021 859 pergamus.

163 861 258 898 1111.
289 862 435 899 Rerum
455 861 750 912 expetendarum
770 862 841 898 tria
858 874 995 912 genera
1009 868 1119 899 sunt:
1145 873 1214 911 par

105 922 232 951 autem
252 927 432 952 numerus
447 914 685 952 vitandarum
701 927 748 952 ex
763 915 947 952 contraria
961 921 1077 965 parte.
1107 914 1212 951 Nam

105 975 162 1005 est
188 967 385 1018 quiddam,
413 967 516 1019 quod
543 968 613 1006 sua
640 967 678 1005 vi
704 980 772 1005 nos
800 967 916 1005 allicit
941 967 990 1004 ad
1014 980 1105 1013 sese,
1135 979 1211 1005 non

107 1021 362 1058 emolumento
381 1028 534 1071 captans
558 1021 700 1072 aliquo,
728 1020 792 1058 sed
818 1021 968 1058 trahens
993 1020 1063 1058 sua
1087 1020 1212 1070 digni-

106 1081 206 1119 tate;
237 1073 340 1125 quod
358 1086 477 1124 genus
497 1074 628 1121 virtus,
650 1074 816 1122 scientia,
836 1074 970 1112 veritas
989 1080 1054 1111 est.
1087 1073 1211 1111 Aliud

105 1134 247 1174 autem,
267 1138 344 1164 non
362 1135 514 1178 propter
531 1140 639 1166 suam
658 1127 737 1164 vim
756 1135 793 1165 et
810 1134 1000 1173 naturam,
1021 1126 1084 1164 sed
1098 1139 1211 1177 prop-

106 1189 161 1217 ter
178 1180 345 1218 fructum
359 1187 472 1231 atque
486 1181 703 1227 utilitatem,
722 1180 951 1232 petendum3
976 1179 1079 1230 quod.
1092 1192 1213 1230 genus

104 1233 264 1283 pecunia
282 1241 347 1271 est.
386 1233 459 1271 Est
476 1247 586 1285 porro
604 1233 787 1285 quiddam
807 1246 853 1271 ex
878 1233 1016 1271 horum
1041 1233 1212 1283 partibus

101 1288 292 1335 junctum,
322 1287 425 1338 quod
451 1294 489 1324 et
515 1287 584 1324 sua
611 1287 647 1325 vi
675 1294 713 1324 et
736 1286 919 1336 dignitate
945 1299 1014 1324 nos
1038 1286 1211 1323 inductos

103 1340 223 1386 ducit,
244 1347 280 1377 et
297 1353 375 1390 prae
394 1353 432 1377 se
450 1340 658 1391 quamdam
676 1340 773 1390 gerit
790 1340 1005 1386 utilitatem,
1027 1351 1103 1390 quo
1127 1351 1211 1376 ma-

104 1393 162 1442 gis
180 1399 402 1443 expetaturg
431 1400 476 1430 ut
493 1393 672 1439 amicitia,
693 1394 791 1430 bona
809 1392 1047 1430 existimatio.
1075 1392 1210 1443 Atque

104 1459 152 1483 ex
172 1445 230 1483 his
248 1445 386 1483 horum
411 1446 595 1483 contraria
619 1445 740 1493 facile,
768 1445 977 1483 tacentibus
1001 1445 1122 1493 nobis,
1149 1445 1209 1482 in-

106 1499 331 1548 telligentur.
362 1498 450 1544 Sed,
463 1505 508 1535 ut
519 1499 728 1549 expeditius
743 1499 836 1536 ratio
851 1499 1033 1546 tradatur,
1050 1511 1106 1545 ea,
1123 1511 1209 1549 quae

104 1552 313 1602 posuimus,
333 1552 437 1590 brevi
455 1552 764 1589 nominabuntur.
804 1552 923 1599 Nam,
943 1551 983 1588 in
1002 1551 1126 1602 primo
1143 1564 1208 1601 ge-

104 1617 191 1643 nere
215 1618 302 1655 quae
325 1612 426 1651 sunt,
446 1604 602 1643 honesta
625 1605 941 1656 appellabuntur:
971 1618 1058 1655 quae
1080 1611 1207 1642 autem

104 1658 142 1695 in
171 1658 347 1704 secundo,
377 1658 508 1696 utilia:
543 1658 623 1696 haec
647 1665 775 1696 autem
801 1658 922 1706 tertia,
946 1658 1037 1708 quia
1060 1665 1207 1708 partem

104 1711 306 1749 honestatis
324 1711 529 1757 continent,
549 1718 586 1749 et
604 1711 694 1762 quia
711 1712 833 1760 major
851 1718 906 1749 est
920 1711 974 1748 vis
987 1711 1206 1757 honestatis,

100 1765 241 1812 junctae
262 1777 319 1801 res
343 1764 498 1802 omnino
523 1777 570 1802 ex
596 1764 739 1815 duplici
763 1777 898 1814 genere
921 1764 1204 1814 intelligentur:

104 1817 195 1854 sed
186 1830 224 1854 m
244 1817 438 1854 meliorem
456 1824 602 1868 partem
621 1818 793 1855 vocabuli
812 1817 1063 1864 conferantur,
1084 1823 1121 1854 et
1138 1816 1206 1853 ho-

101 1882 166 1907 ne
161 1878 207 1907 ta
224 1870 476 1907 nominentur.
520 1870 582 1908 Ex
608 1870 666 1908 his
687 1870 784 1908 illud
802 1870 1010 1916 conficitur,
1030 1877 1074 1906 ut
1092 1882 1206 1919 appe-

103 1923 300 1961 tendarum
325 1936 450 1960 rerum
475 1930 598 1974 partes
620 1924 694 1961 sint
711 1924 884 1961 honestas
903 1930 939 1960 et
957 1922 1122 1966 utilitas3
1152 1922 1207 1958 vi-

104 1976 318 2021 tandarum,
341 1976 536 2026 turpitudo
555 1984 591 2014 et
607 1976 802 2014 inutilitas.
834 1976 907 2013 His
925 1976 1040 2026 igitur
1058 1975 1206 2011 duabus

104 2030 214 2066 rebus
231 2029 317 2066 duae
335 2041 392 2067 res
410 2029 568 2079 grandes
587 2037 674 2067 sunt
693 2030 895 2076 attributae,
919 2027 1150 2066 necessitudo
1168 2034 1205 2064 et

103 2081 271 2128 affin-tim
302 2095 465 2134 quarum
490 2083 607 2122 altera
627 2088 678 2122 'ex
707 2083 757 2131 vi,
785 2083 901 2121 altera
928 2095 973 2120 ex
1000 2094 1038 2119 re
1063 2087 1099 2118 et
1120 2090 1207 2132 pen
