1407 2334
238 108 315 147 DE.
343 108 633 157 ORATORE,
663 108 761 147 LIB.
782 107 839 147 11.
869 108 971 146 CAP.
992 107 1056 146 61.
1111 107 1188 150 257

97 214 211 253 etiam
227 227 358 264 graves
375 215 574 252 sententias
591 227 698 265 posse
716 213 826 253 duci:
856 221 1005 252 tantum
1022 213 1188 258 interest,

96 267 200 318 quod
223 267 384 317 gravitas
408 267 570 306 honestis
588 268 628 304 in
646 269 757 305 rebus
776 280 911 314 severe,
928 268 1034 315 jocus
1052 265 1091 302 in
1111 272 1190 301 tur-

96 319 230 372 piculis
244 327 280 358 et
294 320 400 370 quasi
418 320 661 367 deformibus,
681 321 858 371 ponitu13
879 320 982 358 velut
998 320 1039 357 in
1057 317 1190 355 iisdem

97 373 218 411 verbis
237 379 274 410 et
290 372 444 410 laudare
463 373 564 423 frugi
590 386 738 411 servum
763 385 973 423 possumus,
1001 379 1051 419 et,
1079 371 1110 407 si
1135 378 1190 408 est

96 436 276 476 nequam,
301 425 429 474 jocari.
471 426 695 472 Ridiculum
722 433 777 463 est
805 425 900 463 illud
927 423 1189 462 Neronianum

98 485 203 516 vetus
220 478 260 515 in
278 478 404 516 stirace
422 491 539 527 servo,
570 480 597 500 ‘⁴
618 479 750 516 Solum
776 491 865 525 esse,
892 478 953 516 cui
971 477 1073 515 domi
1092 475 1188 513 nihil

98 530 147 568 sit
170 543 239 569 nec
262 530 517 581 obsignatum,
544 544 612 569 nec
635 531 826 569 occlusum
840 531 880 568 :’'
908 530 1010 581 quod
1031 530 1131 567 idem
1148 528 1190 566 in

97 584 196 621 bono
215 596 318 621 servo
336 583 410 621 dici
428 584 545 630 solet3
575 584 639 622 sed
656 584 727 622 hoc
745 584 877 621 iisdem
897 584 1010 621 etiam
1029 582 1162 621 verbis.

151 636 215 674 Ex
242 636 374 674 iisdem
401 644 529 674 autem
555 636 644 674 locis
673 637 800 674 omnia
828 643 1042 674 nascuntur.
1084 635 1190 672 Nam

99 689 201 740 quod
220 689 285 739 Sp.
302 689 478 737 Carvilio,
499 690 659 740 graviter
677 689 900 727 claudicanti
914 702 960 727 ex
975 689 1126 727 vulnere
1141 689 1189 725 ob

99 742 372 793 rempublicam
400 751 564 792 accepto,
591 749 627 780 et
655 745 703 780 ob
731 755 814 780 eam
839 755 989 779 causam
1014 753 1192 779 verecun-

98 795 205 832 danti
215 796 255 832 in
265 795 461 845 publicum
472 795 634 845 prodire,
646 802 766 833 mater
777 795 886 842 dixit,
902 795 1038 841 “Quin
1050 793 1190 845 prodis,

99 848 155 885 mi
185 848 313 898 Spuri,
339 855 396 895 ut,
423 848 730 899 quotiescumque
749 848 909 898 gradum
933 848 1057 894 facies,
1084 847 1192 884 toties

100 901 170 939 tibi
183 909 333 938 tuarum
345 901 527 938 virtutum
542 901 666 938 veniat
680 901 719 938 in
733 908 898 938 mentem
909 901 954 938 ἴθ’
969 901 1191 951 praeclarum

101 962 139 991 et
169 966 282 1003 grave
313 961 367 991 est
383 967 393 990 ε
434 953 536 1003 quod
567 954 725 992 Calvino
758 953 917 991 Glaucia
952 951 1191 1000 claudicanti,

101 1009 130 1028 “
147 1006 226 1044 Ubi
244 1012 298 1043 est
321 1013 427 1043 vetus
451 1006 578 1044 illud?
607 1019 702 1043 num
726 1006 942 1044 claudicas?
970 1013 1009 1043 at
1031 1006 1093 1043 hic
1118 1005 1192 1042 clo-

99 1059 242 1106 dicat,'‘
268 1058 471 1096 ridiculum
497 1067 575 1096 est:
605 1066 642 1096 et
666 1066 871 1109 utrumque
889 1072 936 1096 ex
954 1072 1011 1106 eo,
1032 1058 1134 1108 quod
1151 1058 1192 1094 in

99 1111 370 1150 claudicatione
381 1111 628 1149 animadverti
639 1112 776 1162 potuit,
788 1119 842 1148 est
853 1112 1022 1149 ductum.
1045 1114 1072 1132 “
1086 1110 1193 1158 Quid

99 1165 171 1204 hoc
199 1164 335 1202 Naevio
363 1164 536 1214 ignavius
549 1165 594 1203 ?'’
623 1178 748 1203 severe
777 1165 901 1215 Scipio
916 1179 926 1202 ε
956 1171 995 1202 at
1023 1164 1063 1201 in
1094 1163 1194 1201 male

97 1218 278 1266 olentem,
300 1219 327 1239 ‘⁶
343 1217 466 1256 Video
479 1230 542 1255 me
556 1230 579 1255 a
596 1224 633 1256 te
650 1217 952 1264 circumveniri,”
968 1217 1195 1255 subridicule

99 1269 314 1321 Philippus.
360 1270 418 1308 At
446 1278 652 1322 utrumque
676 1283 796 1321 genus
824 1270 988 1308 continet
1013 1269 1118 1309 verbi
1145 1269 1193 1307 ad

99 1324 248 1363 literam
264 1323 457 1360 immutati
475 1323 693 1361 similitudo.

153 1376 218 1414 Ex
236 1375 414 1426 ambiguo
433 1376 532 1413 dicta
550 1377 608 1414 vel
632 1375 869 1426 argutissima
893 1382 1101 1426 putantum
1130 1375 1195 1413 sed

99 1441 176 1466 non
195 1441 340 1478 semper
358 1428 397 1465 in
413 1429 511 1476 joco,
532 1442 629 1479 saepe
647 1429 760 1466 etiam
778 1429 818 1466 in
833 1428 1026 1479 gravitate,
1048 1440 1195 1466 versan-

97 1490 172 1519 tur.
217 1481 400 1519 Africano
417 1481 474 1518 illi
491 1481 639 1529 majori,
666 1494 841 1519 coronam
867 1481 938 1518 sibi
961 1481 1003 1520 in
1028 1481 1197 1519 convivio

95 1535 146 1572 ad
164 1540 277 1584 caput
295 1533 605 1580 accommodanti,
625 1547 713 1571 cum
732 1547 775 1571 ea
793 1534 928 1584 saepius
945 1541 1195 1584 rumperetur,

101 1588 147 1626 P.
165 1587 335 1625 Licinius
353 1587 493 1633 Varus,
522 1588 549 1608 “
566 1586 659 1624 Noli
677 1587 847 1635 mirari,''
866 1586 1004 1637 inquit,
1027 1589 1053 1608 “
1069 1587 1100 1623 si
1119 1599 1195 1625 non

98 1640 297 1679 convenit:
327 1647 441 1690 caput
466 1639 567 1677 enim
590 1652 774 1690 magnum
793 1646 847 1677 est
861 1639 900 1676 :'’
927 1640 1130 1687 laudabile,
1160 1647 1197 1677 et

99 1693 313 1731 honestum.
354 1693 413 1730 At
430 1705 477 1730 ex
496 1692 626 1730 eodem
644 1705 778 1742 genere
797 1699 873 1730 est:
906 1693 933 1714 ‘⁶
951 1692 1089 1730 Calvus
1109 1693 1197 1730 satis

101 1754 181 1791 est;
211 1746 314 1797 quod
331 1746 421 1785 dicit
438 1746 614 1796 parum.’'
653 1746 716 1783 Ne
735 1747 878 1783 multa:
910 1746 1060 1783 nullum
1079 1758 1197 1795 genus

100 1806 157 1838 est
181 1799 271 1848 joci,
303 1812 379 1850 quo
408 1812 483 1837 non
514 1811 561 1836 ex
591 1799 722 1836 eodem
752 1811 878 1837 severa
907 1806 943 1836 et
975 1798 1104 1849 gravia
1135 1811 1197 1835 su-

99 1859 265 1890 mantur.
301 1892 306 1896 ,

154 1905 286 1955 Atque
299 1901 371 1942 hoc
385 1904 498 1942 etiam
515 1904 905 1952 animadvertendum,
926 1915 1002 1941 non
1021 1916 1098 1940 esse
1116 1916 1197 1941 om-

102 1957 166 1995 nia
183 1957 354 2006 ridicula,
374 1957 504 1995 faceta.
533 1957 640 2005 Quid
658 1957 759 1994 enirn
777 1965 899 2008 potest
917 1969 994 1995 esse
1011 1963 1090 1993 tam
1109 1956 1199 1993 ridi-

102 2010 248 2058 culum,
268 2023 385 2061 quam
403 2009 544 2049 Sannio
563 2018 618 2048 est
631 2013 648 2048 ἓ
677 2010 752 2049 Sed
770 2023 846 2058 ore,
867 2010 990 2057 vultu,
1009 2008 1200 2046 imitandis

102 2063 284 2111 moribus,
299 2076 402 2111 voce,
417 2063 580 2114 denique
592 2063 674 2115 ipso
687 2076 852 2115 corpore,
869 2062 1021 2100 ridetur.
1050 2062 1201 2100 Salsum

103 2115 206 2154 hunc
223 2128 376 2166 possum
394 2115 530 2164 dicere,
546 2122 660 2168 atque
677 2116 744 2164 ita,
764 2128 840 2154 non
860 2123 902 2154 ut
916 2111 1101 2165 ejusmodi
1118 2127 1200 2154 ora-

105 2174 224 2214 torem
237 2181 319 2218 ‘esse
337 2169 465 2219 velim,
484 2169 549 2208 sed
567 2176 611 2208 ut
627 2168 804 2208 mimum.

280 2228 293 2242 ⁸
412 2227 416 2230 '
791 2233 815 2259 z
846 2221 871 2258 3
