1429 2344
144 56 170 93 8
260 53 338 93 DE
368 53 757 104 INVENTIONE,
787 54 885 93 LIB.
907 53 942 92 Ι.
972 53 1076 95 CAP.
1096 57 1134 95 9.

138 161 240 200 Cum
255 162 344 201 facti
358 163 607 202 controversia
621 170 689 211 est,
705 163 887 214 quoniam
901 163 1123 212 conjecturis
1137 175 1250 203 causa

134 216 322 265 firmatur,
352 217 566 255 constitutio
598 216 858 265 conjecturalis
889 216 1124 266 appellatur:
1156 230 1246 256 cum

135 276 264 308 autem
289 271 467 317 nominis,
497 271 588 321 quia
613 270 668 308 vis
690 270 863 308 vocabuli
887 269 1100 308 definienda
1126 271 1246 309 verbis

134 330 202 372 est,
220 324 434 362 constitutio
449 324 642 362 definitiva
656 324 884 361 nominatur.
915 323 1016 360 Cum
1030 336 1132 371 vero,
1152 337 1246 375 qua-

132 376 180 414 lis
207 378 255 415 sit
280 391 351 425 res,
373 378 569 429 quaeritur,
598 377 688 428 quia
707 384 743 414 ct
765 376 811 414 de
830 377 867 414 vi
886 383 922 414 et
941 376 987 414 de
1005 390 1140 427 genere
1153 389 1246 428 net,-

133 431 201 467 otii
235 432 483 469 controversia
521 438 588 480 est,
617 431 832 468 constitutio
869 431 1051 480 generalis
1079 439 1244 469 vocatur.

132 483 192 520 At
211 497 300 522 cum
326 498 438 522 causa
457 498 504 522 ex
523 497 566 522 eo
591 484 743 535 pendet,
771 484 874 534 quod
899 496 975 521 non
1001 490 1068 521 aut
1085 484 1116 522 is
1135 497 1246 535 agere

133 537 295 586 videtur,
334 551 451 590 quem
482 546 641 588 oportet,
671 544 738 575 aut
768 549 845 575 non
876 549 965 574 cum
998 550 1055 586 eo,
1084 536 1245 588 quicum

132 599 292 641 oportet,
322 600 389 629 aut
407 605 484 629 non
503 592 607 642 apud
625 605 733 643 quos,
754 604 830 642 quo
849 596 1031 640 tempore,
1053 591 1130 642 qu&
1147 591 1245 642 lege,

132 657 209 694 quo
239 645 408 693 crimine,
439 645 517 696 quit
540 646 653 696 poen&
681 652 840 695 oportet,
868 644 1087 689 translativa
1112 644 1250 683 dicitur

133 699 374 743 constitutio3
397 700 488 750 quia
505 700 601 737 actio
620 698 872 737 translationis
887 704 924 735 et
941 698 1248 737 conmiutationis

133 750 302 802 indigere
331 753 490 791 videtur.
537 753 671 804 Atque
699 753 837 790 harum
864 751 1035 802 aliquam
1063 752 1104 789 in
1133 764 1248 790 omne

132 818 254 843 causae
273 819 392 856 genus
406 807 568 845 incidere
582 819 729 844 necesse
743 813 820 844 est:
841 817 947 853 nam,
967 805 1008 842 in
1027 817 1144 856 quam
1163 818 1244 843 rem

131 870 208 896 non
226 860 412 908 inciderit,
436 861 476 898 in
504 860 548 898 ea
571 861 668 898 nihil
696 872 773 898 esse
797 859 934 910 poterit
959 859 1242 897 controversiae:

131 926 248 963 quare
266 927 351 951 eam
369 927 417 952 ne
436 927 588 952 causam
607 914 762 965 quidem
781 913 955 951 convenit
972 912 1110 963 putari.

184 966 247 1004 Ac
275 967 366 1005 facti
391 968 547 1018 quidem
570 967 822 1005 'controversia
850 967 890 1003 in
919 966 1049 1004 omnia
1073 972 1244 1017 tempora

130 1027 253 1070 potest
266 1021 463 1058 distribui:
486 1034 591 1068 nam,
612 1021 706 1072 quid.
723 1020 866 1058 factum
886 1020 946 1067 sit,
967 1026 1090 1070 potest
1108 1021 1241 1071 quaeri,

128 1073 201 1111 hoc
228 1075 367 1113 modo:
399 1075 637 1113 Occideritne
662 1075 825 1123 Ajacem
850 1074 1017 1124 Ulysses.
1064 1073 1119 1110 Et
1147 1074 1242 1124 quid

130 1127 210 1174 fiat,
239 1127 310 1166 hoc
335 1129 472 1166 modo:
503 1129 662 1166 Bonone
688 1128 815 1166 animo
843 1128 918 1165 sint
943 1140 1031 1178 erga
1051 1127 1240 1178 populum

131 1181 354 1219 Romanum
387 1183 613 1233 Fregellani.
660 1182 715 1220 Et
746 1181 840 1232 quid
870 1181 1045 1218 futurum
1078 1181 1139 1228 sit,
1168 1181 1241 1219 hoc

128 1234 267 1272 modo:
309 1236 350 1273 Si
387 1235 657 1286 Carthaginem
693 1234 957 1286 reliquerimus
993 1234 1240 1282 incolumem,

128 1299 225 1325 num
250 1288 344 1339 quid
366 1289 413 1326 sit
431 1290 661 1328 incommodi
679 1289 728 1326 ad
746 1288 1021 1338 rempublicam
1039 1295 1240 1338 perventu-

128 1354 228 1378 rum.
276 1343 455 1381 Nominis
481 1344 728 1381 controversia
753 1350 821 1391 est,
849 1355 938 1380 cum
963 1342 1010 1379 de
1027 1342 1127 1379 facto
1152 1354 1241 1387 con,-

129 1396 256 1439 venit;
287 1403 324 1433 et
343 1398 538 1447 quaeritur,
559 1397 599 1434 id
618 1397 720 1448 quod
738 1396 882 1434 factum
901 1402 969 1441 est,
990 1409 1067 1446 quo
1085 1395 1241 1433 nomine

129 1450 350 1499 appelletur.
380 1450 471 1497 Quo
485 1451 525 1487 in
538 1464 674 1501 genere
693 1462 839 1488 necesse
859 1456 913 1487 est
933 1448 1038 1497 [ideo
1052 1448 1237 1500 nominis]

128 1515 206 1540 esse
226 1504 528 1551 controversiam,
549 1517 626 1541 non
645 1504 747 1555 quod
771 1504 819 1541 de
847 1516 887 1541 re
911 1501 992 1554 ips&
1011 1515 1087 1540 non
1106 1515 1241 1540 conve-

127 1556 220 1602 niat,
250 1569 327 1594 non
353 1558 456 1607 quod
483 1558 528 1594 de
554 1558 651 1595 facto
677 1570 751 1595 non
779 1563 934 1604 constet,
962 1556 1027 1594 sed
1054 1556 1157 1606 quod
1184 1556 1239 1604 id,

127 1610 230 1659 quod
255 1610 399 1647 factum
425 1611 485 1658 sit,
514 1611 619 1648 aliud
644 1611 709 1648 alii
734 1611 906 1648 videatur
931 1623 1022 1657 esse,
1047 1609 1239 1647 etidcirco

125 1663 223 1700 alius
243 1664 316 1701 alio
335 1665 488 1702 nomine
512 1665 552 1702 id
577 1665 752 1715 appellet.
800 1664 930 1710 Quare
953 1664 994 1700 in
1018 1663 1241 1712 hujusmodi

126 1717 326 1766 generibus
345 1718 556 1755 definienda
581 1732 639 1756 res
668 1718 737 1755 erit
764 1718 899 1764 verbis,
926 1724 963 1754 et
987 1717 1149 1754 breviter
1173 1716 1238 1754 de-

127 1771 345 1816 scribenda3
376 1779 432 1818 ut,
454 1772 485 1809 si
500 1772 584 1822 quis
603 1784 751 1810 sacrum
770 1784 817 1809 ex
835 1771 981 1822 privato
1000 1770 1236 1820 surripuerit,

126 1832 257 1861 utrum
271 1825 334 1862 fur
352 1837 400 1862 an
416 1826 616 1875 sacrilegus
635 1825 682 1863 sit
697 1824 924 1874 judicandus
939 1838 948 1861 :
978 1836 1069 1861 nam
1088 1823 1129 1861 id
1147 1836 1237 1861 cum

126 1878 322 1927 quaeritur,
352 1891 498 1917 necesse
528 1880 597 1916 erit
627 1879 783 1916 definire
812 1886 1032 1928 utrumque,
1062 1876 1156 1928 quid
1188 1876 1236 1914 sit

124 1931 200 1979 fur,
230 1932 323 1982 quid
351 1933 565 1983 sacrileguS,
595 1940 632 1970 et
656 1933 725 1970 suit
753 1932 1000 1983 descriptione
1026 1930 1234 1978 ostendere,

124 1984 198 2026 alio
211 1986 365 2023 nomine
379 1986 485 2023 illam
500 1999 595 2033 rem,
611 1986 658 2024 de
672 1985 748 2036 quit
765 1986 904 2037 agitur,
923 1984 1107 2036 appellari
1125 1996 1235 2035 opor-

124 2045 215 2083 tere,
237 2046 351 2090 atque
369 2040 569 2078 adversarii
588 2040 726 2077 dicant.

179 2092 255 2129 IX.
278 2094 435 2131 Generis
454 2101 509 2131 est
527 2093 789 2141 controversia,
811 2106 913 2140 cum,
934 2099 971 2130 et
984 2091 1078 2143 quid
1091 2091 1236 2129 factum

125 2145 186 2195 sit,
224 2147 411 2196 convenit,
447 2156 483 2186 et
515 2161 591 2199 quo
623 2148 662 2186 id
692 2148 836 2186 factum
869 2146 1024 2186 nom-ine
1056 2145 1238 2198 appellari
