1429 2344
184 76 264 114 422
284 75 361 115 DE
389 77 598 117 CLARIS
621 78 1016 128 ORATORIBUS,
1034 78 1138 117 Cn.
1155 79 1218 122 72.

186 183 264 220 lem
279 185 335 222 tui
353 186 370 223 ‚⁹
401 185 475 223 Nae
491 198 573 236 eg0,
590 186 764 238 inquam,
782 187 813 225 si
831 187 884 225 ita
903 194 971 233 est,
993 187 1106 224 velim
1127 186 1195 224 tibi
1213 197 1303 224 eum

186 237 333 287 placere
360 252 475 289 quam
506 241 686 278 maxime.
734 241 860 291 Atqui
889 249 926 278 et
944 242 998 278 ita
1015 248 1084 288 est,
1104 239 1243 291 inquit,
1264 247 1301 276 et

189 291 432 330 vehementer
449 293 572 344 placet
588 309 598 331 z
629 307 697 332 nec
716 307 803 332 vero
822 294 901 332 sine
919 294 1057 339 causa3
1086 306 1177 331 nam
1193 300 1230 331 et
1243 292 1301 330 di-

186 343 291 393 dicit,
313 353 362 392 et,
384 347 530 385 omissis
549 348 690 386 caeteris
705 348 853 396 studiis,
868 359 992 385 unum
1011 347 1051 384 id
1068 347 1174 398 egit3
1204 359 1300 385 sese-

186 410 261 448 que
276 400 505 449 quotidianis
520 401 903 439 commentationibus
921 401 1101 440 acerrime
1119 399 1299 439 exercuit.

188 450 327 502 Itaque
359 461 396 491 et
425 454 530 493 lectis
562 455 683 493 utitur
715 456 837 494 verbis
868 462 905 493 et
932 454 1218 506 frequentibus:
1248 462 1299 502 et,

186 505 385 556 splendore
410 509 524 556 vocis,
546 516 583 547 et
601 509 784 560 dignitate
802 511 942 556 motus,
963 509 1007 547 fit
1028 508 1239 560 speciosum
1265 514 1302 545 et

186 558 347 608 illustre,
377 562 481 613 quod
507 562 673 608 dicitur3
703 564 908 614 omniaque
932 562 984 601 sic
1010 568 1233 614 suppetunt,
1257 568 1301 599 ut

185 612 221 650 ei
239 614 389 653 nullam
408 615 534 654 deesse
552 616 732 655 virtutem
751 617 906 655 oratoris
924 623 1057 667 putem
1074 630 1084 653 ε
1114 615 1302 653 maxime-

186 679 262 717 que
280 668 496 708 laudandus
515 677 583 718 est,
604 670 672 721 qui
689 671 761 708 hoc
772 678 942 722 tempore
956 670 1052 721 ipso,
1069 681 1158 707 eum
1176 669 1300 716 liceat,

186 719 227 757 in
246 720 317 759 hoc
329 724 525 761 communi
543 731 670 762 nostro
690 731 727 762 et
746 724 855 775 quasi
872 724 980 762 fatali
997 724 1114 771 malo,
1135 722 1302 761 console-

186 780 249 812 tur
281 788 334 823 se,
356 789 444 814 cum
470 777 697 816 conscientia
721 778 876 829 optimae
900 777 1054 825 mentis,
1077 783 1163 814 tum
1187 776 1302 814 etiam

186 829 431 879 usurpatione
450 838 487 869 et
505 831 746 869 renovatione
764 831 954 870 doctrinae.
984 830 1079 869 Vidi
1097 830 1200 869 enim
1220 829 1302 868 Mi-

186 882 324 933 tylenis
343 896 466 935 nuper
483 885 635 930 virum3
666 892 794 937 atque,
814 893 858 923 ut
876 885 972 933 dixi,
992 884 1080 923 vide
1104 884 1219 935 plane
1246 883 1302 921 vi-

186 949 286 973 rum.
335 937 488 989 Itaque,
509 952 598 977 cum
612 951 701 976 eum
716 946 827 978 antea
840 939 898 977 tui
912 938 1076 977 similem
1090 937 1132 975 in
1143 936 1303 975 dicendo

185 989 360 1038 viderim,
388 999 473 1030 turn
501 1006 588 1031 vero
614 1005 716 1032 nune
745 1006 769 1031 a
793 993 1009 1031 doctissimo
1034 991 1128 1040 viro,
1155 990 1303 1042 tibique

186 1045 247 1085 (ut
265 1043 453 1092 intellexi)
473 1046 715 1095 amicissimo,
737 1046 935 1098 Cratippo,
954 1046 1183 1084 instructum
1197 1044 1303 1083 omni

185 1097 308 1148 copia,
328 1099 452 1137 multo
472 1100 647 1138 videbam
667 1100 901 1138 similiorem.

238 1151 319 1189 Hic
344 1165 428 1203 ego,
455 1153 555 1199 Etsi,
581 1154 756 1205 inquam,
777 1154 824 1192 de
847 1153 983 1205 optimi
1008 1152 1092 1200 viri,
1116 1152 1301 1203 nobisque

183 1204 417 1254 amicissimi,
446 1207 624 1246 laudibus
649 1209 824 1246 lubenter
849 1207 977 1255 audio,
1000 1213 1128 1244 tamen
1147 1206 1299 1244 incurro

182 1258 223 1295 in
242 1260 465 1297 memoriam
487 1262 753 1299 communium
770 1261 1024 1307 miseriarum,
1046 1272 1212 1311 quarum
1230 1260 1298 1297 ob-

182 1311 363 1351 livionem
391 1327 577 1364 quaerens,
606 1315 710 1353 hunc
739 1316 868 1366 ipsum
896 1327 1109 1352 sermonem
1135 1312 1299 1364 produxi

182 1365 346 1417 longius.
387 1367 462 1406 Sed
489 1368 537 1407 de
550 1368 711 1407 Caesare
733 1369 846 1420 cupio
865 1368 1010 1416 audire,
1031 1367 1125 1419 quid
1145 1366 1298 1405 tandem

183 1418 340 1458 Atticus
355 1421 514 1470 judicet.

236 1473 419 1513 LXXII.
448 1475 503 1514 Et
531 1476 609 1524 ille,
641 1476 840 1524 Praeclare,
870 1475 1011 1527 inquit,
1041 1474 1112 1513 tibi
1133 1481 1296 1520 consum,

181 1533 226 1564 ut
252 1527 299 1565 de
325 1528 384 1577 iis,
413 1529 481 1580 qui
506 1542 609 1568 nunc
633 1530 721 1577 sint,
743 1530 839 1568 nihil
858 1530 949 1568 velis
968 1530 1049 1580 ipse
1067 1528 1214 1566 dicere:
1245 1535 1296 1571 et,

182 1579 320 1630 hercle,
342 1583 373 1620 si
399 1583 452 1621 sic
476 1596 619 1634 ageres,
639 1591 684 1622 ut
709 1583 756 1622 de
780 1584 826 1622 iis
846 1583 955 1634 egisti
973 1582 1041 1635 qui
1055 1583 1138 1632 jam
1155 1581 1298 1619 mortui

180 1642 283 1683 sunt,
303 1636 497 1675 neminem
517 1645 560 1676 ut
577 1637 905 1688 praetermitteres3
935 1650 996 1675 nae
1020 1644 1063 1674 tu
1090 1636 1130 1673 in
1155 1635 1298 1675 multos

179 1687 391 1728 Autronios
410 1698 447 1728 et
465 1691 638 1729 Staienos
655 1692 874 1730 incurreres.
922 1691 1067 1738 Quare,
1094 1689 1172 1728 sive
1197 1688 1296 1726 hanc

180 1743 334 1780 turbam
359 1743 526 1794 effugere
551 1745 717 1793 voluisti,
746 1745 825 1783 sive
849 1744 989 1784 veritus
1015 1757 1068 1792 eS,
1088 1755 1136 1781 ne
1149 1742 1240 1800 guis
1259 1755 1298 1779 se

179 1803 247 1833 aut
265 1797 499 1847 praeteritum
518 1805 585 1836 aut
603 1811 680 1836 non
700 1799 788 1836 satis
805 1798 1006 1836 laudatum
1020 1796 1128 1848 queri
1142 1802 1267 1847 posset
1282 1809 1294 1839 ;

180 1848 228 1886 de
247 1849 394 1889 Caesare
412 1858 541 1889 tamen
559 1853 715 1903 potuisti
741 1852 876 1899 dicere,
907 1850 1117 1902 praesertim
1144 1861 1233 1888 cum
1259 1856 1297 1886 et

179 1909 293 1941 tuum
322 1904 369 1942 de
397 1904 500 1943 illius
527 1906 680 1956 ingenio
705 1906 947 1944 notissimum
971 1903 1161 1954 judicium
1187 1909 1295 1949 esset,

181 1967 251 1995 nec
268 1957 372 1996 illius
392 1958 438 1996 de
458 1965 524 1997 tuo
542 1961 759 1998 obscurum.

235 2011 310 2049 Sed
337 2018 479 2059 tamen,
501 2013 637 2060 Brute,
657 2013 784 2064 inquit
810 2012 979 2059 Atticus,
1007 2011 1053 2048 de
1082 2010 1230 2048 Caesare
1259 2016 1295 2047 et

179 2063 259 2113 ipse
277 2065 331 2103 ita
345 2065 490 2115 judico,
510 2074 548 2104 et
566 2066 613 2105 de
627 2067 698 2105 hoc
712 2067 779 2115 huj
785 2080 829 2104 us
843 2065 990 2117 generis
1003 2064 1185 2102 acerrimo
1197 2063 1296 2100 aesti-

178 2124 323 2156 matore
337 2119 542 2170 saepissime
557 2120 684 2167 audio,
700 2120 811 2157 illum
825 2119 1000 2157 omnium
1012 2117 1090 2155 fere
1103 2124 1296 2155 oratorum

177 2170 316 2211 Latine
334 2172 439 2225 loqui
459 2174 761 2224 elegantissime3
794 2185 861 2213 nec
880 2172 919 2210 id
939 2172 1063 2211 solum
1089 2168 1294 2210 domestica
