<?xml version="1.0" encoding="UTF-8"?>
<!DOCTYPE html PUBLIC "-//W3C//DTD XHTML 1.0 Transitional//EN"
    "http://www.w3.org/TR/xhtml1/DTD/xhtml1-transitional.dtd">
<html xmlns="http://www.w3.org/1999/xhtml" xml:lang="en" lang="en">
 <head>
  <title>
</title>
<meta http-equiv="Content-Type" content="text/html;charset=utf-8" />
  <meta name='ocr-system' content='tesseract 3.04.00' />
  <meta name='ocr-capabilities' content='ocr_page ocr_carea ocr_par ocr_line ocrx_word'/>
</head>
<body>
  <div class='ocr_page' id='page_1' title='image "./operaern01ciceuoft_0309.png"; bbox 0 0 1407 2334; ppageno 0'>
   <div class='ocr_carea' id='block_1_1' title="bbox 231 26 1255 106">
    <p class='ocr_par' dir='ltr' id='par_1_1' title="bbox 231 26 1255 106">
     <span class='ocr_line' id='line_1_1' title="bbox 231 26 1255 106; baseline -0.003 -12"><span class='ocrx_word' id='word_1_1' title='bbox 231 53 308 94; x_wconf 86' lang='lat' dir='ltr'>DE</span> <span class='ocrx_word' id='word_1_2' title='bbox 336 55 628 106; x_wconf 67' lang='lat' dir='ltr'>ommim,</span> <span class='ocrx_word' id='word_1_3' title='bbox 658 56 754 94; x_wconf 79' lang='lat' dir='ltr'>Lm.</span> <span class='ocrx_word' id='word_1_4' title='bbox 778 44 858 94; x_wconf 88' lang='grc' dir='ltr'>111.Ι</span> <span class='ocrx_word' id='word_1_5' title='bbox 887 53 990 93; x_wconf 66' lang='grc'>(111»,</span> <span class='ocrx_word' id='word_1_6' title='bbox 1011 39 1056 92; x_wconf 62' lang='grc'>3</span> <span class='ocrx_word' id='word_1_7' title='bbox 1112 40 1191 93; x_wconf 77' lang='lat'>291</span> <span class='ocrx_word' id='word_1_8' title='bbox 1243 26 1255 33; x_wconf 57' lang='lat'><strong>⁹</strong></span> 
     </span>
    </p>
   </div>
   <div class='ocr_carea' id='block_1_2' title="bbox 90 160 1208 2177">
    <p class='ocr_par' dir='ltr' id='par_1_2' title="bbox 99 160 1200 1262">
     <span class='ocr_line' id='line_1_2' title="bbox 100 160 1196 213; baseline -0.001 -15"><span class='ocrx_word' id='word_1_9' title='bbox 100 172 246 211; x_wconf 85' lang='lat' dir='ltr'>semper</span> <span class='ocrx_word' id='word_1_10' title='bbox 257 174 400 211; x_wconf 84' lang='grc'>01111183,</span> <span class='ocrx_word' id='word_1_11' title='bbox 408 163 474 201; x_wconf 93' lang='grc'>1110</span> <span class='ocrx_word' id='word_1_12' title='bbox 485 170 612 201; x_wconf 85' lang='lat' dir='ltr'>autem</span> <span class='ocrx_word' id='word_1_13' title='bbox 623 162 684 201; x_wconf 88' lang='lat' dir='ltr'>die</span> <span class='ocrx_word' id='word_1_14' title='bbox 694 163 806 201; x_wconf 85' lang='lat' dir='ltr'>etiam</span> <span class='ocrx_word' id='word_1_15' title='bbox 819 162 944 213; x_wconf 89' lang='lat' dir='ltr'>ipsum</span> <span class='ocrx_word' id='word_1_16' title='bbox 962 174 985 199; x_wconf 87' lang='lat' dir='ltr'>a</span> <span class='ocrx_word' id='word_1_17' title='bbox 996 174 1072 199; x_wconf 65' lang='lat' dir='ltr'>sese</span> <span class='ocrx_word' id='word_1_18' title='bbox 1086 160 1196 211; x_wconf 56' lang='lat' dir='ltr'>supess</span> 
     </span>
     <span class='ocr_line' id='line_1_3' title="bbox 99 215 1196 267; baseline 0.001 -17"><span class='ocrx_word' id='word_1_19' title='bbox 99 221 237 252; x_wconf 89' lang='lat' dir='ltr'>ratum.</span> <span class='ocrx_word' id='word_1_20' title='bbox 263 215 485 267; x_wconf 87' lang='lat' dir='ltr'>Deploravit</span> <span class='ocrx_word' id='word_1_21' title='bbox 496 217 597 254; x_wconf 90' lang='lat' dir='ltr'>enim</span> <span class='ocrx_word' id='word_1_22' title='bbox 611 229 739 254; x_wconf 87' lang='lat' dir='ltr'>casum</span> <span class='ocrx_word' id='word_1_23' title='bbox 755 224 867 267; x_wconf 90' lang='lat' dir='ltr'>atque</span> <span class='ocrx_word' id='word_1_24' title='bbox 881 215 1078 253; x_wconf 85' lang='lat' dir='ltr'>orbitatem</span> <span class='ocrx_word' id='word_1_25' title='bbox 1091 226 1196 252; x_wconf 88' lang='lat' dir='ltr'>sena-</span> 
     </span>
     <span class='ocr_line' id='line_1_4' title="bbox 102 269 1196 320; baseline 0 -16"><span class='ocrx_word' id='word_1_26' title='bbox 102 269 184 305; x_wconf 88' lang='lat' dir='ltr'>tus:</span> <span class='ocrx_word' id='word_1_27' title='bbox 214 269 321 317; x_wconf 87' lang='lat' dir='ltr'>cujus</span> <span class='ocrx_word' id='word_1_28' title='bbox 338 270 478 307; x_wconf 87' lang='lat' dir='ltr'><strong>ordinis</strong></span> <span class='ocrx_word' id='word_1_29' title='bbox 496 271 692 317; x_wconf 85' lang='lat' dir='ltr'>aconsule,</span> <span class='ocrx_word' id='word_1_30' title='bbox 714 270 780 320; x_wconf 88' lang='lat' dir='ltr'>qui</span> <span class='ocrx_word' id='word_1_31' title='bbox 799 269 905 320; x_wconf 89' lang='lat' dir='ltr'>quasi</span> <span class='ocrx_word' id='word_1_32' title='bbox 923 280 1056 319; x_wconf 88' lang='lat' dir='ltr'>parens</span> <span class='ocrx_word' id='word_1_33' title='bbox 1074 269 1196 305; x_wconf 88' lang='lat' dir='ltr'>bonus</span> 
     </span>
     <span class='ocr_line' id='line_1_5' title="bbox 101 321 1198 383; baseline 0.002 -27"><span class='ocrx_word' id='word_1_34' title='bbox 101 328 168 357; x_wconf 86' lang='lat' dir='ltr'>aut</span> <span class='ocrx_word' id='word_1_35' title='bbox 181 327 282 359; x_wconf 91' lang='lat' dir='ltr'>tutor</span> <span class='ocrx_word' id='word_1_36' title='bbox 294 321 413 360; x_wconf 80' lang='lat' dir='ltr'>fidelis</span> <span class='ocrx_word' id='word_1_37' title='bbox 425 336 502 361; x_wconf 90' lang='lat' dir='ltr'>esse</span> <span class='ocrx_word' id='word_1_38' title='bbox 512 323 674 370; x_wconf 78' lang='lat' dir='ltr'><strong>deberet,</strong></span> <span class='ocrx_word' id='word_1_39' title='bbox 689 330 883 383; x_wconf 84' lang='lat' dir='ltr'><strong>tamquam</strong></span> <span class='ocrx_word' id='word_1_40' title='bbox 895 324 942 359; x_wconf 92' lang='lat' dir='ltr'>ab</span> <span class='ocrx_word' id='word_1_41' title='bbox 954 322 1081 372; x_wconf 91' lang='lat' dir='ltr'>aliquo</span> <span class='ocrx_word' id='word_1_42' title='bbox 1092 321 1198 358; x_wconf 87' lang='lat' dir='ltr'>nefa-</span> 
     </span>
     <span class='ocr_line' id='line_1_6' title="bbox 101 373 1199 436; baseline 0.001 -27"><span class='ocrx_word' id='word_1_43' title='bbox 101 373 157 410; x_wconf 90' lang='lat' dir='ltr'>rio</span> <span class='ocrx_word' id='word_1_44' title='bbox 171 374 358 424; x_wconf 62' lang='lat' dir='ltr'>praedone,</span> <span class='ocrx_word' id='word_1_45' title='bbox 373 376 594 427; x_wconf 86' lang='lat' dir='ltr'>diriperetur</span> <span class='ocrx_word' id='word_1_46' title='bbox 608 376 878 436; x_wconf 87' lang='lat' dir='ltr'>patrimonium</span> <span class='ocrx_word' id='word_1_47' title='bbox 897 374 1110 425; x_wconf 82' lang='lat' dir='ltr'>dignitatis.</span> <span class='ocrx_word' id='word_1_48' title='bbox 1132 386 1199 410; x_wconf 92' lang='lat' dir='ltr'>ne</span> 
     </span>
     <span class='ocr_line' id='line_1_7' title="bbox 100 428 1198 477; baseline 0 -14"><span class='ocrx_word' id='word_1_49' title='bbox 100 438 176 476; x_wconf 90' lang='lat' dir='ltr'>que</span> <span class='ocrx_word' id='word_1_50' title='bbox 189 440 275 465; x_wconf 91' lang='lat' dir='ltr'>vero</span> <span class='ocrx_word' id='word_1_51' title='bbox 289 441 366 466; x_wconf 88' lang='lat' dir='ltr'>esse</span> <span class='ocrx_word' id='word_1_52' title='bbox 379 429 609 477; x_wconf 73' lang='lat' dir='ltr'>mirandum,</span> <span class='ocrx_word' id='word_1_53' title='bbox 623 430 667 477; x_wconf 85' lang='lat' dir='ltr'>si,</span> <span class='ocrx_word' id='word_1_54' title='bbox 681 442 768 466; x_wconf 90' lang='lat' dir='ltr'>cum</span> <span class='ocrx_word' id='word_1_55' title='bbox 784 429 858 466; x_wconf 90' lang='lat' dir='ltr'>suis</span> <span class='ocrx_word' id='word_1_56' title='bbox 873 428 1032 466; x_wconf 88' lang='lat' dir='ltr'>consiliis</span> <span class='ocrx_word' id='word_1_57' title='bbox 1046 439 1198 477; x_wconf 89' lang='lat' dir='ltr'>rempu-</span> 
     </span>
     <span class='ocr_line' id='line_1_8' title="bbox 102 479 1199 532; baseline 0.002 -17"><span class='ocrx_word' id='word_1_58' title='bbox 102 479 240 517; x_wconf 86' lang='lat' dir='ltr'>blicam</span> <span class='ocrx_word' id='word_1_59' title='bbox 259 481 504 532; x_wconf 81' lang='lat' dir='ltr'>profligasset,</span> <span class='ocrx_word' id='word_1_60' title='bbox 525 483 721 520; x_wconf 89' lang='lat' dir='ltr'>consilium</span> <span class='ocrx_word' id='word_1_61' title='bbox 740 485 887 520; x_wconf 88' lang='lat' dir='ltr'>senatus</span> <span class='ocrx_word' id='word_1_62' title='bbox 899 494 922 517; x_wconf 95' lang='lat' dir='ltr'>a</span> <span class='ocrx_word' id='word_1_63' title='bbox 936 480 1127 531; x_wconf 84' lang='lat' dir='ltr'>republica</span> <span class='ocrx_word' id='word_1_64' title='bbox 1141 492 1199 517; x_wconf 89' lang='lat' dir='ltr'>re-</span> 
     </span>
     <span class='ocr_line' id='line_1_9' title="bbox 102 532 1198 594; baseline 0.001 -25"><span class='ocrx_word' id='word_1_65' title='bbox 102 532 286 594; x_wconf 79' lang='lat' dir='ltr'>pudiaret.</span> <span class='ocrx_word' id='word_1_66' title='bbox 317 535 395 573; x_wconf 82' lang='lat' dir='ltr'>Hic</span> <span class='ocrx_word' id='word_1_67' title='bbox 408 549 494 573; x_wconf 90' lang='lat' dir='ltr'>cum</span> <span class='ocrx_word' id='word_1_68' title='bbox 510 536 654 573; x_wconf 87' lang='lat' dir='ltr'>homini</span> <span class='ocrx_word' id='word_1_69' title='bbox 669 543 704 573; x_wconf 92' lang='lat' dir='ltr'>et</span> <span class='ocrx_word' id='word_1_70' title='bbox 723 534 934 573; x_wconf 85' lang='lat' dir='ltr'>vehementi</span> <span class='ocrx_word' id='word_1_71' title='bbox 948 543 984 571; x_wconf 89' lang='lat' dir='ltr'>et</span> <span class='ocrx_word' id='word_1_72' title='bbox 998 534 1147 580; x_wconf 78' lang='lat' dir='ltr'>diserto,</span> <span class='ocrx_word' id='word_1_73' title='bbox 1162 542 1198 570; x_wconf 90' lang='lat' dir='ltr'>et</span> 
     </span>
     <span class='ocr_line' id='line_1_10' title="bbox 100 585 1198 638; baseline 0.002 -17"><span class='ocrx_word' id='word_1_74' title='bbox 100 585 140 621; x_wconf 90' lang='lat' dir='ltr'>in</span> <span class='ocrx_word' id='word_1_75' title='bbox 160 587 290 636; x_wconf 90' lang='lat' dir='ltr'>primis</span> <span class='ocrx_word' id='word_1_76' title='bbox 308 588 395 625; x_wconf 87' lang='lat' dir='ltr'>forti</span> <span class='ocrx_word' id='word_1_77' title='bbox 413 589 460 626; x_wconf 91' lang='lat' dir='ltr'>ad</span> <span class='ocrx_word' id='word_1_78' title='bbox 479 589 738 636; x_wconf 82' lang='lat' dir='ltr'>resistendum,</span> <span class='ocrx_word' id='word_1_79' title='bbox 754 589 945 638; x_wconf 87' lang='lat' dir='ltr'>Philippo</span> <span class='ocrx_word' id='word_1_80' title='bbox 960 587 1067 638; x_wconf 86' lang='lat' dir='ltr'>quasi</span> <span class='ocrx_word' id='word_1_81' title='bbox 1086 599 1198 637; x_wconf 87' lang='lat' dir='ltr'>quas-</span> 
     </span>
     <span class='ocr_line' id='line_1_11' title="bbox 102 637 1198 688; baseline -0.001 -12"><span class='ocrx_word' id='word_1_82' title='bbox 102 637 193 675; x_wconf 87' lang='lat' dir='ltr'>dam</span> <span class='ocrx_word' id='word_1_83' title='bbox 221 642 419 679; x_wconf 88' lang='lat' dir='ltr'>verborum</span> <span class='ocrx_word' id='word_1_84' title='bbox 449 641 547 680; x_wconf 89' lang='lat' dir='ltr'>faces</span> <span class='ocrx_word' id='word_1_85' title='bbox 576 642 814 688; x_wconf 77' lang='lat' dir='ltr'>admovisset,</span> <span class='ocrx_word' id='word_1_86' title='bbox 843 653 918 678; x_wconf 91' lang='lat' dir='ltr'>non</span> <span class='ocrx_word' id='word_1_87' title='bbox 945 640 1031 677; x_wconf 91' lang='lat' dir='ltr'>tulit</span> <span class='ocrx_word' id='word_1_88' title='bbox 1055 639 1132 686; x_wconf 88' lang='grc'>1118,</span> <span class='ocrx_word' id='word_1_89' title='bbox 1161 645 1198 676; x_wconf 86' lang='lat' dir='ltr'>et</span> 
     </span>
     <span class='ocr_line' id='line_1_12' title="bbox 101 692 1198 755; baseline 0 -27"><span class='ocrx_word' id='word_1_90' title='bbox 101 692 262 750; x_wconf 82' lang='lat' dir='ltr'>graviter</span> <span class='ocrx_word' id='word_1_91' title='bbox 280 695 429 743; x_wconf 78' lang='lat' dir='ltr'>exarsit,</span> <span class='ocrx_word' id='word_1_92' title='bbox 449 695 742 755; x_wconf 82' lang='lat' dir='ltr'>pignoribusque</span> <span class='ocrx_word' id='word_1_93' title='bbox 758 694 890 732; x_wconf 88' lang='lat' dir='ltr'>ablatis</span> <span class='ocrx_word' id='word_1_94' title='bbox 903 693 1080 730; x_wconf 88' lang='lat' dir='ltr'>Crassum</span> <span class='ocrx_word' id='word_1_95' title='bbox 1091 692 1198 729; x_wconf 89' lang='lat' dir='ltr'>insti-</span> 
     </span>
     <span class='ocr_line' id='line_1_13' title="bbox 105 744 1198 799; baseline 0.001 -19"><span class='ocrx_word' id='word_1_96' title='bbox 105 744 178 781; x_wconf 86' lang='lat' dir='ltr'>tuit</span> <span class='ocrx_word' id='word_1_97' title='bbox 210 750 386 785; x_wconf 75' lang='lat' dir='ltr'>coe&#39;rcere.</span> <span class='ocrx_word' id='word_1_98' title='bbox 426 748 515 795; x_wconf 84' lang='lat' dir='ltr'>Quo</span> <span class='ocrx_word' id='word_1_99' title='bbox 545 748 699 799; x_wconf 88' lang='lat' dir='ltr'>quidem</span> <span class='ocrx_word' id='word_1_100' title='bbox 728 748 809 798; x_wconf 90' lang='lat' dir='ltr'>ipso</span> <span class='ocrx_word' id='word_1_101' title='bbox 842 748 881 784; x_wconf 88' lang='lat' dir='ltr'>in</span> <span class='ocrx_word' id='word_1_102' title='bbox 912 747 993 784; x_wconf 90' lang='lat' dir='ltr'>loco</span> <span class='ocrx_word' id='word_1_103' title='bbox 1024 746 1147 782; x_wconf 88' lang='lat' dir='ltr'>multa</span> <span class='ocrx_word' id='word_1_104' title='bbox 1175 757 1198 782; x_wconf 90' lang='lat' dir='ltr'>a</span> 
     </span>
     <span class='ocr_line' id='line_1_14' title="bbox 104 796 1197 848; baseline 0.001 -14"><span class='ocrx_word' id='word_1_105' title='bbox 104 796 238 836; x_wconf 86' lang='lat' dir='ltr'>Crasso</span> <span class='ocrx_word' id='word_1_106' title='bbox 260 799 438 838; x_wconf 90' lang='lat' dir='ltr'>divinitus</span> <span class='ocrx_word' id='word_1_107' title='bbox 466 801 565 839; x_wconf 86' lang='lat' dir='ltr'>dicta</span> <span class='ocrx_word' id='word_1_108' title='bbox 590 801 849 848; x_wconf 83' lang='lat' dir='ltr'>efferebantur,</span> <span class='ocrx_word' id='word_1_109' title='bbox 878 812 966 837; x_wconf 89' lang='lat' dir='ltr'>cum</span> <span class='ocrx_word' id='word_1_110' title='bbox 991 798 1062 836; x_wconf 89' lang='lat' dir='ltr'>sibi</span> <span class='ocrx_word' id='word_1_111' title='bbox 1086 798 1197 836; x_wconf 89' lang='lat' dir='ltr'>illum</span> 
     </span>
     <span class='ocr_line' id='line_1_15' title="bbox 103 852 1196 905; baseline 0.001 -18"><span class='ocrx_word' id='word_1_112' title='bbox 103 852 295 889; x_wconf 87' lang='lat' dir='ltr'>consulem</span> <span class='ocrx_word' id='word_1_113' title='bbox 322 865 399 891; x_wconf 91' lang='lat' dir='ltr'>esse</span> <span class='ocrx_word' id='word_1_114' title='bbox 425 862 589 905; x_wconf 85' lang='lat' dir='ltr'>negaret,</span> <span class='ocrx_word' id='word_1_115' title='bbox 618 855 678 892; x_wconf 90' lang='lat' dir='ltr'>cui</span> <span class='ocrx_word' id='word_1_116' title='bbox 705 863 850 892; x_wconf 76' lang='lat' dir='ltr'>senator</span> <span class='ocrx_word' id='word_1_117' title='bbox 879 853 959 903; x_wconf 93' lang='lat' dir='ltr'>ipse</span> <span class='ocrx_word' id='word_1_118' title='bbox 985 863 1061 889; x_wconf 90' lang='lat' dir='ltr'>non</span> <span class='ocrx_word' id='word_1_119' title='bbox 1091 858 1196 889; x_wconf 91' lang='lat' dir='ltr'>esset.</span> 
     </span>
     <span class='ocr_line' id='line_1_16' title="bbox 110 904 1200 953; baseline 0 -12"><span class='ocrx_word' id='word_1_120' title='bbox 110 906 139 924; x_wconf 86' lang='lat'>“</span> <span class='ocrx_word' id='word_1_121' title='bbox 158 904 226 941; x_wconf 85' lang='lat' dir='ltr'>An</span> <span class='ocrx_word' id='word_1_122' title='bbox 246 912 303 953; x_wconf 77' lang='lat' dir='ltr'>tu,</span> <span class='ocrx_word' id='word_1_123' title='bbox 323 919 411 944; x_wconf 89' lang='lat' dir='ltr'>cum</span> <span class='ocrx_word' id='word_1_124' title='bbox 430 920 582 945; x_wconf 88' lang='lat' dir='ltr'>omnem</span> <span class='ocrx_word' id='word_1_125' title='bbox 602 907 860 945; x_wconf 89' lang='lat' dir='ltr'>auctoritatem</span> <span class='ocrx_word' id='word_1_126' title='bbox 877 904 1041 943; x_wconf 92' lang='lat' dir='ltr'>universi</span> <span class='ocrx_word' id='word_1_127' title='bbox 1059 904 1200 941; x_wconf 79' lang='lat' dir='ltr'>ordinis</span> 
     </span>
     <span class='ocr_line' id='line_1_17' title="bbox 103 957 1198 1017; baseline 0 -23"><span class='ocrx_word' id='word_1_128' title='bbox 103 968 173 1006; x_wconf 87' lang='lat' dir='ltr'>pro</span> <span class='ocrx_word' id='word_1_129' title='bbox 201 957 356 1008; x_wconf 86' lang='lat' dir='ltr'>pignore</span> <span class='ocrx_word' id='word_1_130' title='bbox 384 960 541 1010; x_wconf 86' lang='lat' dir='ltr'>putaris,</span> <span class='ocrx_word' id='word_1_131' title='bbox 575 973 734 1011; x_wconf 88' lang='lat' dir='ltr'>eamque</span> <span class='ocrx_word' id='word_1_132' title='bbox 762 959 802 996; x_wconf 90' lang='lat' dir='ltr'>in</span> <span class='ocrx_word' id='word_1_133' title='bbox 834 965 1033 1008; x_wconf 86' lang='lat' dir='ltr'>conspectu</span> <span class='ocrx_word' id='word_1_134' title='bbox 1058 957 1198 1017; x_wconf 79' lang='lat' dir='ltr'>populi</span> 
     </span>
     <span class='ocr_line' id='line_1_18' title="bbox 105 1010 1199 1063; baseline 0.001 -16"><span class='ocrx_word' id='word_1_135' title='bbox 105 1010 272 1048; x_wconf 86' lang='lat' dir='ltr'>Romani</span> <span class='ocrx_word' id='word_1_136' title='bbox 307 1013 533 1059; x_wconf 81' lang='lat' dir='ltr'>concideris3</span> <span class='ocrx_word' id='word_1_137' title='bbox 571 1027 634 1051; x_wconf 90' lang='lat' dir='ltr'>me</span> <span class='ocrx_word' id='word_1_138' title='bbox 664 1013 722 1050; x_wconf 87' lang='grc'>1113</span> <span class='ocrx_word' id='word_1_139' title='bbox 756 1011 977 1063; x_wconf 84' lang='lat' dir='ltr'>pignoribus</span> <span class='ocrx_word' id='word_1_140' title='bbox 1008 1010 1199 1049; x_wconf 83' lang='lat' dir='ltr'>existimas</span> 
     </span>
     <span class='ocr_line' id='line_1_19' title="bbox 103 1041 1199 1113; baseline -0.001 -12"><span class='ocrx_word' id='word_1_141' title='bbox 103 1075 211 1113; x_wconf 89' lang='lat' dir='ltr'>posse</span> <span class='ocrx_word' id='word_1_142' title='bbox 228 1066 378 1104; x_wconf 87' lang='lat' dir='ltr'>terreri.</span> <span class='ocrx_word' id='word_1_143' title='bbox 369 1068 386 1093; x_wconf 66' lang='lat'><strong>⁹</strong></span> <span class='ocrx_word' id='word_1_144' title='bbox 415 1078 491 1104; x_wconf 91' lang='lat' dir='ltr'>non</span> <span class='ocrx_word' id='word_1_145' title='bbox 506 1041 575 1105; x_wconf 86' lang='lat' dir='ltr'>tibi</span> <span class='ocrx_word' id='word_1_146' title='bbox 592 1067 659 1104; x_wconf 87' lang='lat' dir='ltr'>illa</span> <span class='ocrx_word' id='word_1_147' title='bbox 677 1073 765 1104; x_wconf 90' lang='lat' dir='ltr'>sunt</span> <span class='ocrx_word' id='word_1_148' title='bbox 782 1064 1023 1112; x_wconf 83' lang='lat' dir='ltr'>concidenda,</span> <span class='ocrx_word' id='word_1_149' title='bbox 1043 1063 1074 1102; x_wconf 87' lang='grc'>31</span> <span class='ocrx_word' id='word_1_150' title='bbox 1089 1063 1199 1101; x_wconf 89' lang='lat' dir='ltr'>Cras-</span> 
     </span>
     <span class='ocr_line' id='line_1_20' title="bbox 103 1116 1197 1166; baseline -0.001 -13"><span class='ocrx_word' id='word_1_151' title='bbox 103 1128 190 1154; x_wconf 89' lang='lat' dir='ltr'>sum</span> <span class='ocrx_word' id='word_1_152' title='bbox 217 1117 272 1155; x_wconf 90' lang='lat' dir='ltr'>vis</span> <span class='ocrx_word' id='word_1_153' title='bbox 299 1123 486 1157; x_wconf 88' lang='lat' dir='ltr'>coe&#39;rcere:</span> <span class='ocrx_word' id='word_1_154' title='bbox 515 1120 596 1158; x_wconf 88' lang='lat' dir='ltr'>haec</span> <span class='ocrx_word' id='word_1_155' title='bbox 625 1120 694 1158; x_wconf 88' lang='lat' dir='ltr'>tibi</span> <span class='ocrx_word' id='word_1_156' title='bbox 726 1125 780 1156; x_wconf 92' lang='lat' dir='ltr'>est</span> <span class='ocrx_word' id='word_1_157' title='bbox 808 1117 1012 1156; x_wconf 86' lang='lat' dir='ltr'>excidenda</span> <span class='ocrx_word' id='word_1_158' title='bbox 1038 1116 1197 1166; x_wconf 89' lang='lat' dir='ltr'>lingua·</span> <span class='ocrx_word' id='word_1_159' title='bbox 1184 1144 1197 1162; x_wconf 84' lang='lat'><em>‚</em></span> 
     </span>
     <span class='ocr_line' id='line_1_21' title="bbox 105 1169 1200 1224; baseline 0.001 -18"><span class='ocrx_word' id='word_1_160' title='bbox 105 1169 184 1220; x_wconf 89' lang='lat' dir='ltr'>qua</span> <span class='ocrx_word' id='word_1_161' title='bbox 202 1171 261 1208; x_wconf 91' lang='lat' dir='ltr'>vel</span> <span class='ocrx_word' id='word_1_162' title='bbox 280 1172 421 1219; x_wconf 81' lang='lat' dir='ltr'>evulsa,</span> <span class='ocrx_word' id='word_1_163' title='bbox 448 1172 580 1223; x_wconf 89' lang='lat' dir='ltr'>spiritu</span> <span class='ocrx_word' id='word_1_164' title='bbox 598 1173 680 1224; x_wconf 90' lang='lat' dir='ltr'>ipso</span> <span class='ocrx_word' id='word_1_165' title='bbox 703 1171 900 1210; x_wconf 86' lang='lat' dir='ltr'>libidinem</span> <span class='ocrx_word' id='word_1_166' title='bbox 924 1177 1031 1209; x_wconf 91' lang='lat' dir='ltr'>tuam</span> <span class='ocrx_word' id='word_1_167' title='bbox 1048 1169 1200 1208; x_wconf 88' lang='lat' dir='ltr'>libertas</span> 
     </span>
     <span class='ocr_line' id='line_1_22' title="bbox 106 1223 428 1262; baseline 0.012 -3"><span class='ocrx_word' id='word_1_168' title='bbox 106 1234 193 1260; x_wconf 90' lang='lat' dir='ltr'>mea</span> <span class='ocrx_word' id='word_1_169' title='bbox 210 1223 428 1262; x_wconf 86' lang='lat' dir='ltr'>refutabit.‘&#39;</span> 
     </span>
    </p>

    <p class='ocr_par' dir='ltr' id='par_1_3' title="bbox 105 1274 1203 1593">
     <span class='ocr_line' id='line_1_23' title="bbox 160 1274 1200 1316; baseline 0 -4"><span class='ocrx_word' id='word_1_170' title='bbox 160 1275 219 1312; x_wconf 89' lang='grc' dir='ltr'>ΙΙ.</span> <span class='ocrx_word' id='word_1_171' title='bbox 259 1277 456 1315; x_wconf 89' lang='lat' dir='ltr'>Permulta</span> <span class='ocrx_word' id='word_1_172' title='bbox 490 1283 574 1315; x_wconf 88' lang='lat' dir='ltr'>tum</span> <span class='ocrx_word' id='word_1_173' title='bbox 605 1275 932 1316; x_wconf 86' lang='lat' dir='ltr'>vehementissima</span> <span class='ocrx_word' id='word_1_174' title='bbox 966 1274 1200 1314; x_wconf 87' lang='lat' dir='ltr'>contentione</span> 
     </span>
     <span class='ocr_line' id='line_1_24' title="bbox 105 1328 1198 1379; baseline -0.001 -13"><span class='ocrx_word' id='word_1_175' title='bbox 105 1328 238 1376; x_wconf 87' lang='lat' dir='ltr'>animi,</span> <span class='ocrx_word' id='word_1_176' title='bbox 258 1329 413 1379; x_wconf 82' lang='lat' dir='ltr'>ingenii,</span> <span class='ocrx_word' id='word_1_177' title='bbox 440 1330 592 1378; x_wconf 81' lang='lat' dir='ltr'>virium,</span> <span class='ocrx_word' id='word_1_178' title='bbox 617 1332 664 1368; x_wconf 90' lang='lat' dir='ltr'>ab</span> <span class='ocrx_word' id='word_1_179' title='bbox 691 1343 734 1368; x_wconf 92' lang='lat' dir='ltr'>eo</span> <span class='ocrx_word' id='word_1_180' title='bbox 759 1330 859 1367; x_wconf 85' lang='lat' dir='ltr'>dicta</span> <span class='ocrx_word' id='word_1_181' title='bbox 883 1341 960 1367; x_wconf 88' lang='lat' dir='ltr'>esse</span> <span class='ocrx_word' id='word_1_182' title='bbox 981 1330 1198 1373; x_wconf 76' lang='lat' dir='ltr'>constabat3</span> 
     </span>
     <span class='ocr_line' id='line_1_25' title="bbox 107 1381 1200 1442; baseline 0 -23"><span class='ocrx_word' id='word_1_183' title='bbox 107 1381 408 1442; x_wconf 83' lang='lat' dir='ltr'>sententiamque</span> <span class='ocrx_word' id='word_1_184' title='bbox 423 1396 520 1431; x_wconf 83' lang='lat' dir='ltr'>eam,</span> <span class='ocrx_word' id='word_1_185' title='bbox 541 1396 658 1434; x_wconf 90' lang='lat' dir='ltr'>quam</span> <span class='ocrx_word' id='word_1_186' title='bbox 682 1390 830 1420; x_wconf 86' lang='lat' dir='ltr'>senatus</span> <span class='ocrx_word' id='word_1_187' title='bbox 853 1381 1028 1433; x_wconf 89' lang='lat' dir='ltr'>frequens</span> <span class='ocrx_word' id='word_1_188' title='bbox 1053 1388 1200 1419; x_wconf 89' lang='lat' dir='ltr'>secutus</span> 
     </span>
     <span class='ocr_line' id='line_1_26' title="bbox 106 1434 1203 1486; baseline 0 -15"><span class='ocrx_word' id='word_1_189' title='bbox 106 1441 164 1471; x_wconf 89' lang='lat' dir='ltr'>est</span> <span class='ocrx_word' id='word_1_190' title='bbox 187 1435 430 1473; x_wconf 88' lang='lat' dir='ltr'>ornatissimis</span> <span class='ocrx_word' id='word_1_191' title='bbox 458 1443 495 1473; x_wconf 94' lang='lat' dir='ltr'>et</span> <span class='ocrx_word' id='word_1_192' title='bbox 520 1435 746 1486; x_wconf 87' lang='lat' dir='ltr'>gravissimis</span> <span class='ocrx_word' id='word_1_193' title='bbox 770 1435 905 1483; x_wconf 89' lang='lat' dir='ltr'>verbis,</span> <span class='ocrx_word' id='word_1_194' title='bbox 936 1437 964 1457; x_wconf 83' lang='lat'>“</span> <span class='ocrx_word' id='word_1_195' title='bbox 984 1435 1039 1473; x_wconf 91' lang='lat' dir='ltr'>Ut</span> <span class='ocrx_word' id='word_1_196' title='bbox 1059 1434 1203 1485; x_wconf 86' lang='lat' dir='ltr'>populo</span> 
     </span>
     <span class='ocr_line' id='line_1_27' title="bbox 107 1486 1200 1540; baseline 0 -16"><span class='ocrx_word' id='word_1_197' title='bbox 107 1486 284 1525; x_wconf 89' lang='lat' dir='ltr'>Romano</span> <span class='ocrx_word' id='word_1_198' title='bbox 311 1488 515 1537; x_wconf 85' lang='lat' dir='ltr'>satisfieret,</span> <span class='ocrx_word' id='word_1_199' title='bbox 535 1501 732 1540; x_wconf 88' lang='lat' dir='ltr'>nunquam</span> <span class='ocrx_word' id='word_1_200' title='bbox 759 1491 904 1526; x_wconf 87' lang='lat' dir='ltr'>senatus</span> <span class='ocrx_word' id='word_1_201' title='bbox 931 1499 1054 1538; x_wconf 89' lang='lat' dir='ltr'>neque</span> <span class='ocrx_word' id='word_1_202' title='bbox 1080 1487 1200 1525; x_wconf 90' lang='lat' dir='ltr'>consi-</span> 
     </span>
     <span class='ocr_line' id='line_1_28' title="bbox 107 1539 1200 1593; baseline 0.001 -16"><span class='ocrx_word' id='word_1_203' title='bbox 107 1540 204 1578; x_wconf 90' lang='lat' dir='ltr'>lium</span> <span class='ocrx_word' id='word_1_204' title='bbox 222 1540 450 1592; x_wconf 64' lang='lat' dir='ltr'>reipublicae,</span> <span class='ocrx_word' id='word_1_205' title='bbox 474 1554 596 1593; x_wconf 89' lang='lat' dir='ltr'>neque</span> <span class='ocrx_word' id='word_1_206' title='bbox 621 1542 735 1580; x_wconf 90' lang='lat' dir='ltr'>fidem</span> <span class='ocrx_word' id='word_1_207' title='bbox 760 1540 961 1588; x_wconf 81' lang='lat' dir='ltr'>defuisse‚”</span> <span class='ocrx_word' id='word_1_208' title='bbox 989 1542 1036 1578; x_wconf 90' lang='lat' dir='ltr'>ab</span> <span class='ocrx_word' id='word_1_209' title='bbox 1061 1553 1104 1578; x_wconf 88' lang='lat' dir='ltr'>eo</span> <span class='ocrx_word' id='word_1_210' title='bbox 1122 1539 1200 1578; x_wconf 88' lang='lat' dir='ltr'>dic-</span> 
     </span>
    </p>

    <p class='ocr_par' dir='ltr' id='par_1_4' title="bbox 90 1593 1200 1695">
     <span class='ocr_line' id='line_1_29' title="bbox 90 1593 1200 1646; baseline -0.002 -13"><span class='ocrx_word' id='word_1_211' title='bbox 90 1628 94 1633; x_wconf 96' lang='grc'>,</span> <span class='ocrx_word' id='word_1_212' title='bbox 108 1599 211 1631; x_wconf 83' lang='lat' dir='ltr'>tam:</span> <span class='ocrx_word' id='word_1_213' title='bbox 233 1601 270 1631; x_wconf 91' lang='lat' dir='ltr'>et</span> <span class='ocrx_word' id='word_1_214' title='bbox 284 1594 459 1632; x_wconf 89' lang='lat' dir='ltr'>eumdem</span> <span class='ocrx_word' id='word_1_215' title='bbox 473 1595 529 1637; x_wconf 90' lang='lat' dir='ltr'>(id</span> <span class='ocrx_word' id='word_1_216' title='bbox 547 1595 671 1646; x_wconf 88' lang='lat' dir='ltr'>quod</span> <span class='ocrx_word' id='word_1_217' title='bbox 661 1607 701 1633; x_wconf 90' lang='grc'>111</span> <span class='ocrx_word' id='word_1_218' title='bbox 715 1594 994 1633; x_wconf 79' lang='lat' dir='ltr'>auctmitatibus</span> <span class='ocrx_word' id='word_1_219' title='bbox 1007 1593 1200 1645; x_wconf 83' lang='lat' dir='ltr'>praescrip-</span> 
     </span>
     <span class='ocr_line' id='line_1_30' title="bbox 109 1646 702 1695; baseline 0.003 -11"><span class='ocrx_word' id='word_1_220' title='bbox 109 1646 156 1685; x_wconf 87' lang='lat' dir='ltr'>tis</span> <span class='ocrx_word' id='word_1_221' title='bbox 174 1654 311 1695; x_wconf 87' lang='lat' dir='ltr'>exstat)</span> <span class='ocrx_word' id='word_1_222' title='bbox 330 1648 522 1686; x_wconf 91' lang='lat' dir='ltr'>scribendo</span> <span class='ocrx_word' id='word_1_223' title='bbox 540 1648 702 1686; x_wconf 85' lang='lat' dir='ltr'>affuisse.</span> 
     </span>
    </p>

    <p class='ocr_par' dir='ltr' id='par_1_5' title="bbox 107 1699 1208 2177">
     <span class='ocr_line' id='line_1_31' title="bbox 162 1699 1202 1752; baseline -0.001 -14"><span class='ocrx_word' id='word_1_224' title='bbox 162 1700 238 1738; x_wconf 82' lang='lat' dir='ltr'>Illa</span> <span class='ocrx_word' id='word_1_225' title='bbox 264 1707 459 1752; x_wconf 84' lang='lat' dir='ltr'>tamquam</span> <span class='ocrx_word' id='word_1_226' title='bbox 486 1714 623 1752; x_wconf 87' lang='lat' dir='ltr'>cycnea</span> <span class='ocrx_word' id='word_1_227' title='bbox 648 1702 722 1739; x_wconf 85' lang='lat' dir='ltr'>fuit</span> <span class='ocrx_word' id='word_1_228' title='bbox 744 1700 862 1738; x_wconf 84' lang='lat' dir='ltr'>divini</span> <span class='ocrx_word' id='word_1_229' title='bbox 882 1699 1045 1739; x_wconf 88' lang='lat' dir='ltr'>hominis</span> <span class='ocrx_word' id='word_1_230' title='bbox 1069 1712 1142 1737; x_wconf 85' lang='lat' dir='ltr'>vox</span> <span class='ocrx_word' id='word_1_231' title='bbox 1165 1706 1202 1737; x_wconf 91' lang='lat' dir='ltr'>et</span> 
     </span>
     <span class='ocr_line' id='line_1_32' title="bbox 107 1753 1201 1814; baseline -0.002 -23"><span class='ocrx_word' id='word_1_232' title='bbox 107 1753 240 1801; x_wconf 86' lang='lat' dir='ltr'>oratio,</span> <span class='ocrx_word' id='word_1_233' title='bbox 261 1766 377 1804; x_wconf 91' lang='lat' dir='ltr'>quam</span> <span class='ocrx_word' id='word_1_234' title='bbox 396 1755 503 1805; x_wconf 87' lang='lat' dir='ltr'>quasi</span> <span class='ocrx_word' id='word_1_235' title='bbox 521 1761 792 1814; x_wconf 78' lang='lat' dir='ltr'>exspectantes,</span> <span class='ocrx_word' id='word_1_236' title='bbox 807 1761 892 1804; x_wconf 91' lang='lat' dir='ltr'>post</span> <span class='ocrx_word' id='word_1_237' title='bbox 910 1755 990 1802; x_wconf 89' lang='lat' dir='ltr'>ejus</span> <span class='ocrx_word' id='word_1_238' title='bbox 1007 1753 1201 1790; x_wconf 90' lang='lat' dir='ltr'>interitum</span> 
     </span>
     <span class='ocr_line' id='line_1_33' title="bbox 111 1805 1201 1857; baseline -0.003 -13"><span class='ocrx_word' id='word_1_239' title='bbox 111 1806 379 1844; x_wconf 85' lang='lat' dir='ltr'>veniebamus·</span> <span class='ocrx_word' id='word_1_240' title='bbox 368 1819 408 1844; x_wconf 90' lang='lat' dir='ltr'>m</span> <span class='ocrx_word' id='word_1_241' title='bbox 427 1807 583 1855; x_wconf 90' lang='lat' dir='ltr'>curiam,</span> <span class='ocrx_word' id='word_1_242' title='bbox 603 1815 646 1845; x_wconf 90' lang='lat' dir='ltr'>ut</span> <span class='ocrx_word' id='word_1_243' title='bbox 665 1807 864 1857; x_wconf 89' lang='lat' dir='ltr'>vestigium</span> <span class='ocrx_word' id='word_1_244' title='bbox 887 1806 1011 1844; x_wconf 89' lang='lat' dir='ltr'>illud</span> <span class='ocrx_word' id='word_1_245' title='bbox 1001 1819 1141 1856; x_wconf 81' lang='lat' dir='ltr'>ipsum,</span> <span class='ocrx_word' id='word_1_246' title='bbox 1161 1805 1201 1842; x_wconf 89' lang='lat' dir='ltr'>in</span> 
     </span>
     <span class='ocr_line' id='line_1_34' title="bbox 112 1859 1203 1911; baseline -0.002 -14"><span class='ocrx_word' id='word_1_247' title='bbox 112 1872 189 1911; x_wconf 90' lang='lat' dir='ltr'>quo</span> <span class='ocrx_word' id='word_1_248' title='bbox 207 1859 270 1897; x_wconf 83' lang='lat' dir='ltr'>ille</span> <span class='ocrx_word' id='word_1_249' title='bbox 287 1867 519 1910; x_wconf 89' lang='lat' dir='ltr'>postremum</span> <span class='ocrx_word' id='word_1_250' title='bbox 542 1860 747 1908; x_wconf 83' lang='lat' dir='ltr'>institisset,</span> <span class='ocrx_word' id='word_1_251' title='bbox 768 1867 1039 1898; x_wconf 89' lang='lat' dir='ltr'>contueremur.</span> <span class='ocrx_word' id='word_1_252' title='bbox 1079 1859 1203 1896; x_wconf 89' lang='lat' dir='ltr'>Nam-</span> 
     </span>
     <span class='ocr_line' id='line_1_35' title="bbox 114 1889 1206 1963; baseline -0.002 -13"><span class='ocrx_word' id='word_1_253' title='bbox 114 1925 189 1963; x_wconf 89' lang='lat' dir='ltr'>que</span> <span class='ocrx_word' id='word_1_254' title='bbox 215 1920 300 1950; x_wconf 85' lang='lat' dir='ltr'>tum</span> <span class='ocrx_word' id='word_1_255' title='bbox 325 1914 425 1951; x_wconf 88' lang='lat' dir='ltr'>latus</span> <span class='ocrx_word' id='word_1_256' title='bbox 452 1914 487 1951; x_wconf 93' lang='lat' dir='ltr'>ei</span> <span class='ocrx_word' id='word_1_257' title='bbox 517 1913 654 1951; x_wconf 90' lang='lat' dir='ltr'>dicenti</span> <span class='ocrx_word' id='word_1_258' title='bbox 681 1889 925 1961; x_wconf 72' lang='lat' dir='ltr'>coridoluisse,</span> <span class='ocrx_word' id='word_1_259' title='bbox 956 1911 1206 1962; x_wconf 88' lang='lat' dir='ltr'>sudoremque</span> 
     </span>
     <span class='ocr_line' id='line_1_36' title="bbox 113 1965 1205 2015; baseline 0 -12"><span class='ocrx_word' id='word_1_260' title='bbox 113 1965 280 2004; x_wconf 86' lang='lat' dir='ltr'>multum</span> <span class='ocrx_word' id='word_1_261' title='bbox 298 1973 537 2004; x_wconf 84' lang='lat' dir='ltr'>consecutum</span> <span class='ocrx_word' id='word_1_262' title='bbox 555 1979 647 2014; x_wconf 88' lang='grc'>8338,</span> <span class='ocrx_word' id='word_1_263' title='bbox 662 1966 930 2004; x_wconf 87' lang='lat' dir='ltr'>audiebamus:</span> <span class='ocrx_word' id='word_1_264' title='bbox 960 1977 1006 2002; x_wconf 86' lang='lat' dir='ltr'>ex</span> <span class='ocrx_word' id='word_1_265' title='bbox 1025 1977 1102 2015; x_wconf 92' lang='lat' dir='ltr'>quo</span> <span class='ocrx_word' id='word_1_266' title='bbox 1116 1977 1205 2003; x_wconf 88' lang='lat' dir='ltr'>cum</span> 
     </span>
     <span class='ocr_line' id='line_1_37' title="bbox 113 2018 1206 2070; baseline 0 -15"><span class='ocrx_word' id='word_1_267' title='bbox 113 2018 370 2067; x_wconf 63' lang='lat' dir='ltr'>colion-uisset,</span> <span class='ocrx_word' id='word_1_268' title='bbox 390 2032 478 2058; x_wconf 91' lang='lat' dir='ltr'>cum</span> <span class='ocrx_word' id='word_1_269' title='bbox 496 2019 592 2058; x_wconf 88' lang='lat' dir='ltr'>febri</span> <span class='ocrx_word' id='word_1_270' title='bbox 615 2020 773 2057; x_wconf 91' lang='lat' dir='ltr'>domum</span> <span class='ocrx_word' id='word_1_271' title='bbox 796 2019 933 2064; x_wconf 83' lang='lat' dir='ltr'>rediit3</span> <span class='ocrx_word' id='word_1_272' title='bbox 963 2018 1098 2068; x_wconf 88' lang='lat' dir='ltr'>dieque</span> <span class='ocrx_word' id='word_1_273' title='bbox 1122 2030 1206 2070; x_wconf 86' lang='lat' dir='ltr'>sep-</span> 
     </span>
     <span class='ocr_line' id='line_1_38' title="bbox 114 2070 1206 2120; baseline 0.001 -12"><span class='ocrx_word' id='word_1_274' title='bbox 114 2071 222 2119; x_wconf 86' lang='lat' dir='ltr'>timo,</span> <span class='ocrx_word' id='word_1_275' title='bbox 240 2071 365 2110; x_wconf 87' lang='lat' dir='ltr'>lateris</span> <span class='ocrx_word' id='word_1_276' title='bbox 383 2072 522 2120; x_wconf 84' lang='lat' dir='ltr'>dolore,</span> <span class='ocrx_word' id='word_1_277' title='bbox 543 2079 760 2111; x_wconf 88' lang='lat' dir='ltr'>consumtus</span> <span class='ocrx_word' id='word_1_278' title='bbox 783 2079 849 2110; x_wconf 84' lang='lat' dir='ltr'>est.</span> <span class='ocrx_word' id='word_1_279' title='bbox 883 2071 921 2109; x_wconf 91' lang='grc' dir='ltr'><strong>Ο</strong></span> <span class='ocrx_word' id='word_1_280' title='bbox 940 2070 1112 2110; x_wconf 84' lang='lat' dir='ltr'>fallacem</span> <span class='ocrx_word' id='word_1_281' title='bbox 1138 2072 1206 2109; x_wconf 85' lang='lat' dir='ltr'>ho·</span> 
     </span>
     <span class='ocr_line' id='line_1_39' title="bbox 113 2123 1208 2177; baseline 0.002 -15"><span class='ocrx_word' id='word_1_282' title='bbox 113 2123 262 2164; x_wconf 86' lang='lat' dir='ltr'>minum</span> <span class='ocrx_word' id='word_1_283' title='bbox 273 2137 393 2176; x_wconf 82' lang='lat' dir='ltr'>spem,</span> <span class='ocrx_word' id='word_1_284' title='bbox 402 2124 650 2177; x_wconf 82' lang='lat' dir='ltr'>fragilemque</span> <span class='ocrx_word' id='word_1_285' title='bbox 660 2125 864 2173; x_wconf 86' lang='lat' dir='ltr'>fortunam,</span> <span class='ocrx_word' id='word_1_286' title='bbox 874 2130 911 2163; x_wconf 86' lang='lat' dir='ltr'>et</span> <span class='ocrx_word' id='word_1_287' title='bbox 922 2124 1051 2163; x_wconf 81' lang='lat' dir='ltr'>inanes</span> <span class='ocrx_word' id='word_1_288' title='bbox 1061 2132 1208 2166; x_wconf 82' lang='lat' dir='ltr'>nostras</span> 
     </span>
    </p>
   </div>
  </div>
 </body>
</html>
