1429 2344
193 72 271 111 366
317 71 393 110 DE
413 70 618 109 CLARIS
638 68 1026 117 ORATORIBUS,
1047 67 1152 107 CAP.
1173 67 1233 105 13.

197 175 251 213 lia
279 177 462 227 tyrannis,
482 190 539 214 res
557 175 713 227 privatae
733 175 846 225 longo
864 173 1061 212 intervallo
1077 171 1228 222 judiciis
1246 183 1305 209 re·

198 237 427 280 peterentur,
449 238 531 268 tum
551 229 734 280 primum,
755 228 857 279 quod
875 234 969 266 esset
987 235 1097 265 acuta
1114 226 1181 263 ilia
1198 236 1305 275 gens,

202 290 239 319 et
270 291 504 322 controversa
531 283 680 329 natura,
711 289 831 319 artem
863 289 900 318 et
931 287 1117 332 praecepta
1145 278 1305 325 Siculos,

204 336 385 374 Coracem
405 344 441 374 et
459 336 620 383 Tisiam,
641 335 919 385 conscripsisse:
950 347 1039 371 nam
1059 340 1169 371 antea
1186 331 1308 368 nemi-

205 401 294 426 nem
314 390 467 427 solitum
486 390 560 435 via,
582 402 649 427 nec
668 396 759 435 arte,
780 387 844 426 sed
863 395 1031 425 accurate
1050 394 1190 433 tamen,
1207 391 1244 422 et
1261 383 1310 421 de

207 443 344 493 scripto
363 444 573 494 plerosque,
593 442 738 479 dicere:
768 441 997 491 scriptasque
1014 440 1128 478 fuisse
1146 447 1183 477 et
1200 449 1311 489 para-

208 503 264 534 tas
283 509 306 533 a
326 497 532 546 Protagora&⁴
550 509 677 533 rerum
695 495 902 534 illustrium
921 492 1203 544 disputationes,
1224 503 1312 542 quae

208 562 310 587 nunc
329 562 548 588 communes
566 549 804 599 appellantur
821 548 905 587 loci.
934 547 1050 594 Quod
1068 545 1169 583 idem
1184 545 1314 583 fecisse

212 603 410 653 Gorgiam,
430 616 518 641 cum
544 602 779 652 singularum
805 613 932 638 rerum
964 600 1094 637 laudes
1123 598 1313 648 vitupera-

211 657 405 707 tionesque
424 656 720 706 conscripsisset:
751 654 854 705 quod
869 653 1054 703 judicaret
1070 653 1142 690 hoc
1160 651 1316 689 oratoris

212 723 290 748 esse
307 710 475 749 maxime
493 709 703 760 proprium,
723 721 803 745 rem
831 720 967 758 augere
985 719 1091 757 posse
1108 704 1315 751 laudando,

212 763 535 814 vituperandoque
553 775 681 799 rursus
700 762 875 811 affligere.
911 761 1016 800 Huic
1033 758 1316 810 Antiphontem

215 817 500 854 Rhamnusium
527 816 665 853 similia
690 815 864 866 quaedam
889 813 1064 851 habuisse
1081 811 1316 862 conscripta;

214 883 292 920 quo
310 870 502 907 neminem
521 882 689 919 unquam
711 869 846 906 melius
865 868 985 905 ullam
1005 866 1167 904 oravisse
1187 865 1319 915 capitis

213 936 382 970 causam,
402 936 490 961 cum
520 936 558 960 se
586 923 666 973 ipse
687 921 915 967 defenderet,
942 934 980 958 se
1000 920 1189 967 audiente,
1214 919 1320 956 locu-

214 977 295 1027 ples
313 983 442 1015 auctor
460 977 606 1026 scripsit
619 975 875 1026 Thucydides.
904 975 944 1012 N
947 987 1010 1011 am
1022 974 1180 1024 Lysiam
1194 973 1319 1023 primo

216 1030 383 1080 profiteri
410 1030 561 1068 solitum
587 1037 706 1067 artem
730 1042 808 1066 esse
835 1027 1006 1065 dicendi:
1039 1026 1188 1073 deinde,
1217 1025 1321 1077 quod

217 1083 441 1121 Theodorus
464 1090 558 1120 esset
576 1083 614 1119 in
635 1090 713 1120 arte
738 1081 924 1127 subtilior,
944 1081 985 1118 in
1005 1081 1234 1118 orationibus
1254 1093 1322 1117 au-

216 1144 295 1174 tem
317 1136 495 1185 jejunior,
527 1136 710 1173 orationes
740 1148 828 1173 eum
859 1135 1017 1172 scribere
1043 1134 1126 1172 aliis
1154 1133 1320 1184 coepisse,

217 1198 338 1228 artem
362 1190 572 1227 removisse.
612 1189 794 1227 Similiter
820 1188 1024 1227 Isocratem
1051 1188 1175 1238 primo
1200 1194 1322 1224 artem

217 1243 366 1281 dicendi
391 1256 468 1282 esse
494 1243 698 1293 negavisse,
719 1242 876 1280 scribere
903 1248 1031 1279 autern
1056 1241 1140 1280 aliis
1168 1241 1323 1279 solitum

218 1297 416 1344 orationes,
438 1296 576 1347 quibus
595 1296 635 1333 in
650 1296 801 1344 judiciis
820 1302 1037 1335 uterentur:
1068 1294 1146 1343 sed,
1166 1307 1256 1332 cum
1275 1307 1323 1332 ex

220 1364 264 1388 eo
292 1350 399 1400 (quia
425 1350 532 1400 quasi
561 1349 810 1387 committeret
834 1356 963 1387 contra
986 1349 1124 1398 legem,
1145 1360 1221 1399 quo
1240 1347 1326 1399 quis

217 1404 361 1452 judicio
379 1403 726 1450 circumveniretur)
741 1416 840 1453 saepe
854 1402 932 1453 ipse
950 1402 990 1441 in
1009 1401 1198 1450 judicium
1217 1414 1327 1439 voca·

221 1464 338 1504 retur,
367 1457 551 1495 orationes
570 1457 652 1494 aliis
671 1456 853 1494 destitisse
881 1455 1051 1504 scribere,
1071 1462 1271 1507 totumque
1289 1468 1328 1493 se

219 1510 269 1548 ad
287 1518 384 1548 artes
402 1510 678 1561 componendas
698 1509 940 1548 transtulisse.

273 1564 398 1602 XIII.
427 1564 481 1602 Et
505 1564 661 1602 Graeciae
686 1563 841 1614 quidem
860 1570 1052 1600 oratorum
1069 1569 1200 1613 partus
1218 1569 1333 1614 atque

220 1617 344 1657 fontes
370 1618 487 1664 vides,
514 1618 563 1655 ad
587 1624 801 1655 nostrorum
826 1617 1022 1654 annalium
1047 1617 1245 1665 rationem,
1266 1630 1330 1654 ve-

220 1678 342 1715 teres3
373 1671 421 1708 ad
439 1671 623 1721 ipsorum,
650 1684 738 1708 sane
762 1678 937 1708 recentes.
978 1670 1099 1717 Nam,
1123 1677 1328 1720 antequam

220 1724 405 1765 delectata
423 1732 478 1762 est
495 1724 792 1762 Atheniensium
811 1724 940 1761 civitas
953 1723 1024 1761 hac
1038 1723 1151 1760 laude
1160 1723 1328 1771 dicendi,

223 1778 348 1817 multa
367 1778 449 1826 jam
468 1777 742 1823 memorabilia,
763 1784 800 1814 et
824 1777 864 1814 in
890 1776 1102 1814 domesticis
1127 1783 1163 1814 et
1186 1776 1227 1813 in
1250 1777 1331 1815 bel-

222 1831 305 1871 licis
324 1833 449 1878 rebus,
466 1831 651 1869 effecerat.
692 1831 779 1868 Hoc
804 1838 932 1868 autem
957 1829 1127 1867 studium
1153 1842 1230 1867 non
1250 1837 1333 1868 erat

221 1897 425 1925 commune
445 1885 614 1931 Graeciae,
635 1884 699 1922 sed
717 1884 914 1935 proprium
936 1882 1192 1921 Athenarum.
1232 1883 1333 1931 Quis

224 1938 327 1977 enim
352 1946 418 1976 aut
441 1938 633 1989 Argivum
655 1945 858 1985 oratorem,
887 1944 954 1974 aut
979 1936 1236 1984 Corinthium,
1266 1943 1334 1974 aut

223 1991 471 2038 Thebanum,
492 1992 560 2032 scit
577 1992 692 2030 fuisse
710 1990 943 2042 temporibus
962 1989 1064 2028 illis?
1088 1989 1161 2027 nisi
1175 1989 1269 2041 quid
1287 1989 1335 2028 de

225 2045 509 2095 Epaminonda,
535 2045 644 2084 docto
668 2045 836 2091 homine,
864 2043 1043 2094 suspicari
1069 2043 1172 2081 libet.
1214 2043 1335 2082 Lace-

223 2098 456 2136 daemonium
477 2112 577 2146 vero,
597 2111 718 2149 usque
736 2098 783 2136 ad
803 2098 873 2135 hoc
891 2105 1056 2148 tempus,
1076 2096 1206 2134 audivi
1219 2096 1334 2134 fuisse

220 2152 425 2193 neminem.
467 2152 692 2195 Menelaum
715 2153 856 2204 ipsum,
878 2151 1027 2191 dulcem
1047 2151 1158 2189 illum
1177 2149 1333 2201 quidem
