1407 2334
244 112 320 152 DE
348 111 639 159 ORATORE,
670 111 766 149 Lm.
790 110 846 149 ΙΙ.
876 110 978 149 ΟΑΡ.
1000 111 1062 149 66.
1119 110 1206 149 261-

105 218 290 258 dissuasor
317 219 376 257 M.
397 219 590 266 Servilius,
619 222 646 241 “
667 218 741 256 Dic
766 218 903 263 mihi,''
929 217 1065 268 inquit,
1087 219 1115 239 “
1136 216 1196 254 Μ.

108 270 250 319 Pinari,
269 284 378 319 num,
397 272 429 309 si
447 279 573 309 contra
592 279 627 309 te
641 271 783 317 dixero,
803 270 898 308 mihi
916 271 1015 308 male
1033 270 1199 308 dicturus

106 337 157 370 es,
183 331 226 361 ut
251 325 389 362 caeteris
413 324 530 362 fecisti
544 325 589 362 ?'’
626 328 653 346 “
670 325 724 361 Ut
749 331 952 361 sementem
977 323 1117 368 feceris,
1146 322 1200 360 ita

105 378 264 422 metes,''
283 378 417 429 inquit.
447 377 510 415 Ex
529 377 767 414 translatione
785 384 925 422 autem,
945 383 1001 421 ut,
1018 389 1104 413 cum
1120 375 1199 413 Sci-

104 429 167 479 pio
196 430 260 467 ille
288 432 408 479 major
433 430 650 475 Corinthiis,
679 437 840 467 statuam
868 429 1127 480 pollicentibus
1156 441 1200 465 eo

104 482 199 528 loco,
226 484 293 521 ubi
318 483 476 520 aliorum
502 490 621 521 essent
643 483 923 532 imperatorum,
951 484 979 504 “
995 481 1199 519 turmales’'

104 534 201 572 dixit
232 539 260 558 “
275 536 507 587 displicere.”
554 536 799 573 Invertuntur
827 543 952 572 autem
985 536 1109 579 verba,
1140 541 1196 580 ut,

107 587 262 626 Crassus
287 589 388 639 apud
413 588 473 626 M.
491 589 719 639 Perpernam
734 588 900 637 judicem
918 600 985 638 pro
1003 587 1198 624 Aculeone

105 653 192 678 cum
210 641 358 688 diceret,
378 641 504 679 aderat
522 649 648 680 contra
665 641 899 678 Aculeonem
916 640 1135 678 Gratidiano
1150 640 1197 676 L.

106 693 232 731 AElius
259 694 407 741 Lamia,
433 694 623 740 deformis,
649 702 692 731 ut
717 694 858 738 nostis,
848 707 857 716 ·
889 694 955 745 qui
980 705 1064 730 curn
1085 693 1199 730 inter-

105 747 260 797 pellaret
276 747 425 791 odiose3
444 750 472 770 “
487 747 745 793 Audiamus,'‘
765 746 902 797 inquit,
924 749 951 768 “
966 745 1199 805 pulchellum

105 800 308 870 puerum-J
329 800 495 838 Crassus.
526 800 625 838 Cum
641 806 733 837 esset
747 799 918 859 arrisum,
941 802 968 821 “
987 799 1078 835 Non
1093 799 1200 848 potui

105 852 242 899 mihi,”
261 853 386 903 inquit
404 853 552 899 Lamia,
575 856 602 875 “
618 853 778 890 formam
803 852 882 902 ipse
900 851 1064 901 fingere3
1094 851 1199 901 inge-

104 904 212 942 nium
225 905 370 955 potui.”
399 905 505 943 Tum
524 906 597 952 hic,
620 908 647 928 “
663 905 921 949 Audiamus,”
940 904 1077 954 inquit,
1100 908 1126 927 “
1143 904 1199 941 di-

104 959 299 995 sertum:”
318 958 440 996 multo
459 959 571 996 etiam
589 958 747 996 arrisum
767 966 821 995 est
838 957 1105 995 vehementius.

157 1010 254 1048 Sunt
279 1011 391 1048 etiam
409 1011 475 1048 illa
493 1019 661 1058 venusta,
682 1018 725 1048 ut
742 1011 782 1047 in
800 1011 975 1061 gravibus
994 1009 1198 1057 sententiis,

103 1061 154 1100 sic
178 1063 218 1100 in
242 1063 393 1101 facetiis.
433 1063 528 1101 Dixi
553 1065 653 1102 enim
678 1063 837 1110 dudum,
865 1063 1059 1101 materiam
1085 1063 1198 1100 aliam

102 1128 179 1153 esse
204 1117 293 1165 joci,
323 1117 437 1154 aliam
455 1117 680 1163 severitatis3
710 1116 882 1167 gravium
900 1123 1026 1153 autem
1046 1123 1082 1152 et
1096 1116 1199 1164 joco-

102 1181 188 1205 rum
216 1181 333 1207 unam
362 1183 440 1207 esse
467 1170 661 1208 rationem.
701 1171 851 1209 otnant
874 1169 990 1220 igitur
1013 1169 1200 1218 imprimis

101 1221 306 1260 orationem
331 1224 443 1260 verba
467 1223 583 1260 relata
609 1223 812 1267 contrarie3
843 1222 944 1273 quod
962 1222 1062 1258 idem
1081 1234 1200 1271 genus

101 1287 198 1324 saepe
217 1282 271 1312 est
289 1276 402 1313 etiam
420 1275 608 1320 facetum3
629 1283 686 1322 ut,
708 1251 857 1313 Servius
875 1275 939 1312 ille
955 1275 1090 1320 Galba,
1112 1287 1198 1311 cum

96 1327 240 1375 judices
266 1328 312 1365 L.
334 1329 525 1366 Scribonio
550 1329 701 1366 tribuno
726 1327 845 1378 plebis
869 1328 980 1365 ferret
998 1326 1198 1365 familiares

99 1392 198 1425 suos,
220 1388 256 1417 et
274 1380 426 1418 dixisset
445 1381 556 1426 Libo,
579 1384 607 1404 “
624 1381 788 1427 Quando
803 1380 969 1426 tandem,
992 1380 1129 1425 Galba,
1149 1380 1197 1417 de

99 1432 259 1470 triclinio
287 1441 352 1471 tuo
377 1434 495 1471 exibis
510 1434 554 1472 ?''
585 1436 612 1456 “
629 1434 729 1471 Cum
749 1434 832 1478 tu,''
858 1433 994 1483 inquit,
1024 1435 1051 1454 “
1067 1432 1113 1469 de
1132 1445 1196 1470 cu-

99 1485 224 1523 biculo
237 1485 399 1523 alien0.''
426 1487 466 1523 A
487 1499 562 1537 quo
580 1499 713 1536 genere
730 1498 777 1523 ne
795 1485 890 1523 illud
909 1485 1062 1535 quidem
1080 1485 1198 1535 pluri-

99 1549 207 1574 mum
226 1538 350 1585 distat,
371 1539 472 1590 quod
493 1539 651 1576 Glaucia
669 1539 841 1585 Metello,
864 1542 891 1560 “
908 1538 1052 1576 Villam
1071 1538 1110 1574 in
1126 1538 1196 1576 Ti-

100 1591 208 1628 burte
226 1590 354 1638 habes,
373 1600 512 1629 cortem
530 1592 569 1629 in
591 1592 776 1631 Palatio?

151 1643 305 1682 LXVI.
334 1644 396 1682 Ac
415 1647 612 1682 verborum
638 1645 791 1695 quidem
816 1656 952 1694 genera
970 1657 1055 1694 quae
1074 1651 1195 1681 essent

97 1695 229 1744 faceta,
257 1697 394 1735 dixisse
418 1710 480 1735 me
504 1705 618 1748 puto:
649 1711 775 1735 rerum
800 1698 911 1747 plura
937 1704 1047 1741 sunt3
1079 1710 1196 1747 eaque

96 1749 217 1799 magis
232 1752 291 1791 (ut
305 1750 384 1787 dixi
398 1757 500 1797 ante)
515 1750 706 1788 ridentur:
728 1751 767 1787 in
783 1750 920 1801 quibus
935 1757 990 1787 est
1004 1750 1166 1786 narratio
1180 1764 1192 1794 ς

96 1814 154 1838 ιω
167 1814 254 1839 sane
268 1802 438 1841 difficilis.
467 1803 727 1854 Exprimenda
741 1803 840 1841 enim
856 1810 955 1847 sunt,
972 1809 1008 1839 et
1022 1802 1196 1852 ponenda

96 1862 182 1891 ante
200 1855 338 1915 oculos,
359 1869 415 1903 ea,
436 1869 521 1906 quae
539 1857 734 1894 videantur
753 1868 829 1894 esse
844 1855 1059 1893 verisimilia
1077 1855 1196 1904 (quod

97 1914 151 1944 εει
168 1908 363 1966 proprium
381 1909 632 1957 narrationis),
654 1917 690 1946 et
708 1922 793 1960 quae
811 1909 885 1946 sint
905 1907 1022 1958 (quod
1047 1907 1195 1944 ridiculi

96 1960 291 2009 proprium
313 1968 383 2008 est)
409 1962 627 2012 subturpia:
658 1964 764 2010 cujus
784 1961 973 2012 exemplu
961 1973 1015 2004 n,
1042 1968 1086 1996 ut
1110 1961 1194 1996 bre-

98 2012 306 2060 vissimum,
333 2014 381 2051 sit
405 2027 492 2053 sane
510 2015 619 2061 illud,
640 2014 741 2065 quod
759 2020 845 2052 ante
862 2013 984 2064 posui,
1005 2011 1128 2049 Crassi
1147 2012 1194 2049 de

99 2063 298 2104 Memmio.
340 2065 394 2104 Et
411 2067 459 2105 ad
477 2068 548 2106 hoc
565 2079 684 2119 genus
702 2067 956 2106 adscribamus
975 2065 1087 2102 etiam
1107 2077 1192 2102 nar-

97 2116 256 2155 rationes
274 2119 530 2169 apologorum.

147 2168 329 2209 Trahitur
346 2172 458 2210 etiam
484 2172 628 2224 aliquid
652 2185 699 2212 ex
724 2171 891 2220 historia,
912 2178 968 2219 ut,
989 2182 1076 2209 cum
1101 2170 1195 2209 Sex.
