1429 2344
172 114 253 152 440
283 112 359 151 DE
379 112 586 152 CLARIS
606 111 990 163 ORATORIBUS,
1010 114 1114 154 CAP.
1135 117 1200 156 90.

177 220 273 258 dum
293 220 412 259 simus
429 220 469 258 in
488 219 608 272 spatio
636 220 688 268 Q.
710 219 962 260 Hortensium
987 222 1106 274 ipsius
1124 223 1288 276 vestigiis

180 274 377 325 persecuti.

235 327 464 365 Triennium
484 327 561 366 fere
579 327 653 366 fuit
670 328 774 367 Urbs
792 328 872 367 sine
891 328 1006 367 armis
1022 343 1032 367 ε
1064 329 1145 378 sed,
1165 337 1291 369 orato-

179 393 267 418 rum
287 388 353 418 aut
371 382 523 420 interitu
543 389 610 419 aut
627 381 790 420 discessu
806 389 872 420 aut
883 382 991 433 fugit,
1006 385 1112 425 (nam
1136 385 1293 422 aberant
1328 406 1332 409 ·

180 434 295 472 etiam
315 435 564 474 adolescentes
584 435 644 472 Μ.
673 435 832 474 Crassus
858 443 894 474 et
922 436 1080 474 Lentuli
1098 436 1194 487 duo)
1215 437 1293 488 pri-

181 499 263 525 mas
292 488 331 525 in
361 489 482 527 causis
513 490 648 539 agebat
668 489 922 527 Hortensius:
953 490 1075 540 magis
1092 491 1293 542 magisque

181 541 350 591 quotidie
379 544 611 594 probabatur
636 543 844 580 Antistius:
879 543 969 580 Piso
998 556 1096 594 saepe
1118 543 1292 590 dicebat3

180 595 309 633 minus
328 609 426 647 saepe
446 596 694 647 Pomponius,
714 609 797 634 raro
817 596 968 642 Carbo;
998 597 1114 635 semel
1139 605 1207 636 aut
1224 598 1295 636 ite-

180 661 269 692 rum
289 649 505 701 Philippus.
534 650 593 687 At
610 663 696 688 vero
709 662 777 700 ego
795 650 866 688 hoc
877 657 1047 701 tempore
1065 651 1184 699 omni,
1203 663 1293 690 noc·-

181 710 237 739 tes
252 710 288 740 et
301 702 395 749 dies,
415 704 455 741 in
474 703 647 741 omnium
666 703 923 741 doctrinarum
948 703 1191 743 meditatione
1209 717 1293 743 ver-

182 757 304 794 sabar.
331 757 452 794 Eram
468 770 555 795 cum
575 758 700 795 Stoico
712 757 904 801 Diodot03
935 757 1016 808 qui,
1036 770 1124 796 cum
1142 758 1292 796 habita-

182 809 296 847 visset
322 810 426 861 apud
448 824 524 858 me,
545 823 774 862 mecumque
792 810 958 858 vixisset,
978 822 1100 862 nuper
1118 818 1172 849 est
1190 811 1295 850 domi

181 875 277 901 meae
295 870 491 902 mortuus:
522 878 545 902 a
563 878 654 915 quo,
684 877 773 902 cum
791 864 831 901 in
850 864 934 902 aliis
951 865 1078 912 rebus,
1104 871 1189 902 tum
1211 871 1290 903 stu-

182 916 391 955 diosissime
409 918 448 954 in
467 918 674 965 dialectica,
705 919 928 963 exercebam
959 931 1044 968 quae
1071 917 1179 969 quasi
1203 930 1293 956 oon-.-

183 977 301 1009 tracta
320 978 356 1009 et
374 971 549 1010 adstricta
575 971 789 1023 eloquentia
815 971 985 1022 putanda
1007 978 1084 1017 est3
1115 971 1196 1010 sine
1214 971 1293 1023 qua

183 1024 298 1061 etiam
318 1031 374 1071 tu,
391 1025 526 1071 Brute,
543 1025 774 1074 judicavisti,
786 1032 825 1062 te
835 1025 942 1062 illam
957 1025 1102 1074 justam
1114 1026 1294 1076 eloquen÷

183 1077 290 1125 tiam,
307 1091 425 1128 quam
437 1078 669 1116 dialecticam
689 1079 886 1116 dilatatam
904 1090 982 1115 esse
999 1085 1151 1129 putant,
1167 1091 1294 1117 conse-

183 1131 251 1181 qui
269 1144 344 1168 non
364 1144 483 1183 posse.
522 1132 627 1170 Huic
646 1144 716 1182 ego
734 1131 889 1179 doctori,
910 1138 947 1169 et
965 1132 1046 1180 ejus
1064 1131 1207 1170 artibus
1226 1145 1293 1171 va-

184 1185 248 1222 riis
263 1192 378 1235 atque
397 1184 542 1232 multis,
571 1185 624 1223 ita
642 1198 745 1223 eram
764 1192 891 1222 tamen
916 1184 1079 1232 deditus,
1100 1192 1144 1222 ut
1162 1187 1210 1223 ab
1226 1198 1292 1224 ex-

183 1238 461 1277 ercitationibus
480 1239 647 1277 oratoriis
658 1239 788 1276 nullus
805 1238 884 1276 dies
895 1251 1036 1276 vacuus
1048 1245 1152 1276 esset.
1174 1238 1292 1276 Com-

183 1293 382 1330 mentabar
418 1292 662 1330 declamitans
695 1292 764 1334 (sic
796 1291 898 1329 enim
926 1303 1028 1330 nunc
1061 1291 1291 1343 loquuntur)

183 1358 281 1396 saepe
300 1358 389 1384 cum
408 1346 469 1391 M,
491 1345 644 1393 Pisone,
665 1353 702 1384 et
720 1357 809 1383 cum
828 1344 879 1392 Q.
901 1345 1098 1395 Pompeio,
1119 1352 1186 1383 aut
1203 1358 1292 1384 cum

184 1399 314 1450 aliquo
332 1399 523 1450 quotidie;
553 1397 669 1450 idque
687 1399 871 1437 faciebam
889 1398 1058 1436 multum
1080 1398 1195 1436 etiam
1214 1399 1292 1437 La-

184 1452 275 1501 tine,
297 1453 361 1490 sej.
382 1453 513 1491 Graece
527 1454 684 1504 saepius,
674 1467 683 1476 ·
699 1453 759 1491 vel
773 1451 875 1503 quod
891 1451 1023 1489 Graeca
1033 1451 1166 1499 oratio,
1180 1453 1292 1503 plura

183 1514 405 1544 ornamenta
423 1507 681 1557 suppeditans,
701 1505 1007 1545 consuetudinem
1029 1505 1200 1543 similiter
1213 1506 1292 1544 La-

184 1559 263 1597 tine
281 1560 429 1598 dicendi
449 1560 651 1605 afferebat3
685 1560 745 1598 vel
763 1558 866 1611 quod
891 1572 914 1596 a
944 1558 1100 1605 Graecis,
1129 1559 1290 1598 summis

184 1612 412 1661 doctoribus,
429 1613 500 1652 nisi
516 1613 646 1652 Graece
658 1613 835 1666 dicerem,
848 1625 970 1664 neque
981 1611 1116 1663 corrigi
1125 1625 1288 1685 possem,

185 1678 310 1716 neque
328 1666 463 1704 doceri.

239 1719 450 1758 Tumultus
476 1720 628 1759 interim
655 1734 724 1772 pro
752 1719 1007 1772 recuperanda
1024 1719 1232 1771 republica,
1252 1726 1290 1758 et

187 1773 347 1813 crudelis
366 1774 538 1812 interitus
556 1782 748 1812 oratorum
775 1775 907 1819 trium,
928 1774 1116 1821 Scaevolae,
1145 1772 1290 1819 Carbo-

186 1828 258 1873 nis,
278 1827 464 1866 Antistii:
491 1828 631 1866 reditus
651 1828 786 1876 Cottae,
807 1827 996 1873 Curionis,
1017 1827 1155 1874 Crassi,
1185 1826 1288 1864 Len-

186 1882 372 1928 tulorum,
392 1881 590 1932 Pompeii:
619 1882 721 1932 leges
749 1888 787 1919 et
811 1881 954 1930 judicia
971 1880 1199 1918 constituta.
1229 1892 1289 1918 re-

187 1942 364 1986 cuperata
392 1935 626 1986 respublica:
660 1948 707 1972 ex
736 1946 895 1972 numero
924 1940 1052 1971 autem
1081 1939 1288 1979 oratorum,

192 1987 442 2039 Pomponius,
462 1987 706 2036 Censorinus,
721 1988 902 2034 Murena,
916 1986 1066 2025 sublati.
1096 1986 1203 2024 Tum
1216 1985 1296 2037 pri-

188 2054 299 2079 mum
328 2054 396 2080 nos
421 2042 470 2079 ad
502 2055 644 2088 causas,
665 2049 702 2080 et
719 2041 884 2092 privatas
910 2047 947 2078 et
977 2039 1162 2091 publicas,
1188 2039 1291 2077 adire

187 2095 382 2146 coepimus,
404 2107 478 2133 non
497 2104 540 2133 ut
557 2096 597 2133 in
616 2095 697 2133 foro
721 2095 963 2140 disceremus,
992 2093 1095 2145 quod
1121 2093 1293 2144 plerique

186 2148 369 2197 fecerunt,
390 2149 453 2188 sed
474 2156 530 2195 ut,
551 2155 739 2201 quantum
768 2160 836 2186 nos
861 2148 1004 2187 efficere
1028 2146 1294 2199 potuissemus,
