1429 2344
206 79 287 118 352
333 78 412 119 DE
441 80 737 132 ORATORE,
766 81 866 120 LIB.
887 81 971 120 ΙΙΙ.
1001 80 1105 120 ΟΑΡ.
1126 81 1191 119 60.

207 200 296 238 quae
314 195 403 226 sunt
421 189 591 236 actionis,
611 189 708 228 inest
735 189 911 242 quaedam
929 189 986 228 vis
1004 203 1027 227 a
1044 187 1183 227 natura
1200 186 1288 225 data
1304 200 1316 225 ι

207 255 325 291 quare
344 243 458 280 etiam
476 244 547 281 hac
572 243 752 294 imperiti,
779 244 850 282 hac
876 243 1027 294 vulgus,
1054 243 1125 280 hac
1153 241 1318 292 denique

209 296 374 342 barbari,
394 297 563 334 maxime
582 305 879 335 commoventur.
921 298 1051 335 Verba
1072 296 1175 334 enim
1194 294 1317 333 nemi-

206 360 296 386 nem
315 358 483 398 movent,
499 351 572 389 nisi
591 364 694 399 eum,
716 351 783 402 qui
803 351 972 400 ejusdem
990 351 1132 401 linguae
1145 349 1318 387 societate

206 403 431 451 conjunctus
451 414 530 451 est;
562 405 830 457 sententiaeque
849 418 947 455 saepe
961 412 1081 442 acutae
1093 416 1169 441 non
1189 409 1318 441 acuto-

204 468 292 493 rum
311 457 513 495 hominum
533 471 662 496 sensus
680 459 972 510 praetervolant:
1001 457 1112 505 actio,
1133 470 1220 508 quae
1237 469 1317 507 prae

205 523 244 547 se
271 518 422 548 motum
450 512 569 550 animi
595 512 680 560 fert,
711 525 842 550 omnes
871 519 1021 550 movet:
1050 511 1185 549 iisdem
1214 510 1317 548 enim

204 564 380 602 omnium
408 566 527 603 animi
555 566 722 604 motibus
748 566 1008 611 concitantur3
1039 572 1076 602 et
1102 577 1163 602 eos
1181 564 1316 602 iisdem

201 618 301 656 notis
321 626 357 656 et
374 619 415 657 in
434 620 516 658 aliis
535 627 758 670 agnoscunt,
772 627 809 658 et
827 620 868 657 in
887 633 925 658 se
943 619 1016 670 ipsi
1028 618 1209 656 indicant.

258 672 349 709 LX.
405 673 474 711 Ad
506 674 662 712 actionis
693 682 823 712 autem
852 686 967 711 usum
1003 680 1118 724 atque
1146 672 1316 721 laudem,

203 727 416 764 maximam
445 727 523 765 sine
543 728 659 766 dubio
677 736 825 778 partem
843 741 918 765 vox
937 727 1106 772 obtinet3
1137 739 1224 777 quae
1241 727 1319 778 pri-

202 792 313 817 mum
339 788 394 818 est
419 782 585 832 optanda
609 784 742 826 nobis;
773 781 922 829 deinde,
951 793 1203 832 quaecumque
1230 780 1314 829 erit,

201 847 247 871 ea
266 835 418 872 tuenda.
449 835 511 873 De
530 849 606 887 quo
618 836 715 873 illud
727 837 809 884 jam
823 835 919 872 nihil
930 836 979 872 ad
990 834 1062 872 hoc
1072 833 1316 885 praecipiendi

200 900 334 938 genus,
353 889 679 939 quemadmodum
690 890 773 927 voci
786 889 969 927 serviatur
982 902 992 926 ε
1014 887 1191 939 equidem
1204 900 1315 938 mag-

200 953 340 992 nopere
359 955 490 980 censeo
506 943 745 981 serviendum
761 957 771 980 :
803 943 868 981 sed
885 942 981 980 illud
1000 943 1149 980 videtur
1167 943 1215 979 ab
1239 942 1315 979 hu-

195 995 260 1044 jus
279 996 396 1033 nostri
415 997 596 1035 sermonis
620 997 742 1035 officio
767 1010 844 1034 non
868 997 1081 1044 abhorrere,
1109 995 1225 1047 quod,
1253 998 1314 1038 (ut

197 1049 281 1086 dixi
307 1050 423 1100 paulo
450 1058 553 1098 ante)
581 1051 756 1101 plurimis
784 1051 824 1088 in
852 1052 979 1098 rebus,
1014 1049 1118 1101 quod
1143 1049 1314 1088 maxime

198 1110 255 1140 est
272 1103 379 1151 utile,
405 1104 446 1141 id
471 1105 594 1142 nescio
620 1117 697 1155 quo
723 1112 833 1155 pacto
858 1104 973 1141 etiam
999 1103 1104 1141 decet
1129 1103 1311 1141 maxime.

199 1156 242 1194 N
244 1169 321 1205 am,
343 1157 392 1195 ad
410 1171 540 1196 vocem
559 1158 819 1206 obtinendam,
835 1157 932 1195 nihil
951 1164 1006 1195 est
1023 1156 1171 1205 utilius,
1192 1169 1310 1208 quam

197 1212 328 1248 crebra
341 1212 503 1249 mutatio
519 1226 531 1258 ;
561 1212 659 1249 nihil
676 1211 934 1263 perniciosius,
955 1223 1074 1264 quam
1091 1210 1211 1249 effusa
1229 1211 1310 1249 sine

197 1263 473 1304 intermissione
491 1266 692 1304 contentio.

251 1318 393 1365 Quid?
421 1320 471 1357 ad
495 1333 604 1358 aures
630 1327 788 1370 nostras,
819 1328 857 1360 et
883 1319 1039 1359 actionis
1067 1319 1306 1368 suavitatem,

196 1372 292 1423 quid
307 1380 361 1410 est
380 1373 649 1422 vicissitudine,
680 1382 717 1412 et
735 1375 927 1423 varietate,
954 1381 992 1412 et
1009 1374 1307 1412 commutatione

196 1426 353 1477 aptius?
383 1427 523 1479 Itaque
540 1428 644 1466 idem
664 1428 858 1467 Gracchus
884 1427 1005 1480 (quod
1028 1436 1135 1479 potes
1159 1427 1305 1477 audire,

196 1479 346 1528 Catule,
363 1494 410 1519 ex
421 1481 590 1532 Erycino
602 1483 737 1521 cliente
748 1490 828 1532 tuo,
844 1483 992 1521 literato
1006 1482 1174 1531 homine,
1191 1495 1307 1533 quem

193 1546 346 1571 servum
365 1535 437 1573 sibi
464 1536 530 1574 ille
554 1536 689 1575 habuit
718 1537 767 1574 ad
790 1543 968 1585 manum)
988 1549 1077 1576 cum
1103 1537 1308 1575 eburneola

192 1587 323 1625 solitus
344 1597 398 1626 est
416 1590 554 1628 habere
582 1591 725 1639 fistula,
745 1591 813 1646 qui
832 1598 946 1629 staret
970 1590 1115 1629 occulte
1138 1599 1225 1641 post
1248 1591 1308 1642 ip-

193 1653 294 1689 sum,
316 1654 404 1679 cum
423 1644 719 1693 concionaretur,
738 1645 905 1696 peritum
923 1644 1134 1693 hominem,
1155 1645 1222 1696 qui
1247 1645 1306 1682 in-

190 1693 299 1732 flaret
321 1696 487 1734 celeriter
506 1710 595 1735 eum
614 1711 765 1746 sonum,
793 1712 869 1750 quo
887 1699 1000 1737 illum
1019 1707 1087 1736 aut
1103 1699 1302 1739 remissum

192 1749 384 1797 excitaret,
406 1757 472 1787 aut
490 1763 512 1787 a
531 1752 768 1790 contentione
792 1760 992 1791 revocaret.
1033 1752 1196 1800 Audivi,
1223 1765 1305 1791 me-

190 1801 356 1851 hercule,
397 1804 523 1855 inquit
560 1805 721 1843 Catulus
737 1820 749 1852 3
793 1812 830 1843 et
859 1819 957 1857 saepe
981 1819 1068 1845 sum
1098 1806 1308 1844 admiratus

190 1855 357 1894 hominis
383 1870 472 1895 cum
499 1857 748 1909 diligentiam,
776 1867 860 1897 tum
887 1861 1001 1898 etiam
1028 1859 1239 1898 doctrinam
1268 1867 1305 1898 et

191 1910 399 1948 scientiam.
428 1911 515 1962 Ego
541 1925 642 1960 vero,
662 1913 787 1964 inquit
816 1912 1000 1960 Crassus}
1031 1926 1074 1951 ac
1091 1913 1199 1952 doleo
1219 1914 1305 1966 qui-

191 1963 294 2011 dem,
310 1964 395 2002 illos
413 1965 511 2003 viros
530 1965 570 2002 in
590 1979 674 2003 eam
691 1967 866 2004 fraudem
878 1967 919 2004 in
937 1967 1132 2019 republica
1147 1980 1225 2006 esse
1237 1968 1303 2006 de-

188 2017 338 2067 lapsos:
369 2032 606 2070 quamquam
626 2033 669 2057 ea
686 2021 762 2058 tela
780 2021 935 2067 texitur,
956 2030 993 2059 et
1012 2035 1056 2059 ea
1069 2021 1247 2060 incitatur
1261 2022 1302 2059 in

189 2070 340 2109 civitate
371 2072 466 2110 ratio
499 2073 662 2121 vivendi,
691 2087 735 2112 ac
763 2075 973 2125 posteritati
1001 2075 1225 2123 ostenditur,
1258 2081 1304 2112 ut

189 2136 321 2163 eorum
340 2126 495 2177 civium,
522 2140 618 2179 quos
645 2128 763 2166 nostri
781 2135 906 2180 patres
924 2141 1002 2168 non
1020 2129 1204 2180 tulerunt,
1220 2130 1303 2180 jam
