1429 2344
130 90 210 129 408
239 89 316 129 DE
337 90 544 131 CLARIS
564 90 961 143 ORATORIBUS,
982 93 1088 133 CAP.
1108 93 1174 132 56.

133 209 223 236 nere
249 199 401 247 diceret,
431 200 625 238 tractando
652 207 780 239 tamen
809 200 1043 251 impellebat,
1071 208 1116 239 ut
1141 200 1245 239 idem

133 251 312 299 facerent,
342 267 365 291 a
391 266 430 290 se
455 253 650 301 commoti,
679 254 783 305 quod
810 268 833 292 a
859 255 1028 305 Sulpicio
1056 254 1243 293 concitati.

136 305 229 343 Fuit
243 306 345 343 enim
365 307 556 357 Sulpicius
574 308 634 345 vel
652 308 821 346 maxime
840 308 1028 355 omnium,
1049 321 1144 360 quos
1159 309 1244 359 qui-

134 358 222 396 dem
249 372 318 410 ego
344 360 568 408 audiverim,
596 362 763 411 grandis,
791 368 841 409 et,
861 369 906 399 ut
930 361 985 399 ita
1009 362 1148 410 dicam,
1168 369 1244 400 tra-

135 413 241 462 gicus
259 421 406 451 orator:
429 427 503 452 vox
522 427 611 452 cum
629 427 784 466 magna,
805 422 890 453 tum
905 415 1043 463 suavis,
1064 422 1101 453 et
1120 415 1246 466 splen-

135 466 249 511 dida3
280 475 406 517 gestus
433 475 469 505 et
494 475 621 506 motus
647 469 810 519 corporis
835 469 889 506 ita
912 476 1107 517 venustus,
1128 477 1172 506 ut
1190 476 1247 506 ta-

135 531 226 557 men
246 520 294 557 ad
314 521 453 569 forum,
470 534 548 559 non
567 521 616 559 ad
634 535 799 569 scenam,
820 522 1016 560 institutus
1034 522 1245 567 videretu13

136 572 292 611 incitata
316 581 353 612 et
381 575 573 625 volubilis,
600 587 669 614 nec
695 589 739 613 ea
763 576 980 614 redundans
1006 582 1149 623 tamen,
1179 588 1249 614 nec

135 627 401 665 circumfluens
431 629 559 666 oratio.
604 629 785 668 Crassum
814 629 876 667 hic
903 630 1053 667 volebat
1078 629 1246 674 imitari3

136 679 250 718 Cotta
267 682 434 719 malebat
448 683 691 720 Antonium:
714 683 779 722 sed
797 685 845 721 ab
863 683 936 721 hoc
949 683 1006 721 vis
1020 685 1149 722 aberat
1161 683 1249 720 An-

136 734 244 782 tonii,
266 734 392 773 Crassi
411 737 458 773 ab
477 736 544 774 illo
562 737 678 788 lepos.

191 788 230 826 O
262 801 458 839 magnam,
493 790 632 841 inquit,
668 797 787 828 artem
803 790 813 828 ἔ
851 792 1023 836 Βωω5;
1059 790 1248 842 siquidem

135 841 229 889 istis,
259 855 348 880 cum
368 844 510 881 summi
529 852 651 883 essent
668 851 845 893 oratores,
865 845 952 883 duae
970 858 1028 882 res
1052 844 1248 893 maximae,

138 896 256 933 altera
275 897 383 934 alteri
401 896 534 935 defuit.

193 950 306 988 LVI.
336 951 470 1001 Atque
495 952 535 989 in
565 952 624 990 his
654 951 864 991 oratoribus
889 952 987 990 illud
1011 951 1250 990 animadver-

137 1002 298 1041 tendum
318 1011 385 1051 est,
406 1018 514 1055 posse
529 1019 608 1044 esse
627 1019 811 1053 summos,
832 1007 900 1058 qui
913 1007 1011 1045 inter
1029 1019 1067 1044 se
1086 1005 1161 1044 sint
1174 1005 1251 1042 dis-

138 1057 291 1094 similes.
334 1058 374 1094 N
377 1058 446 1095 ihil
466 1059 567 1097 enim
587 1067 667 1097 tam
682 1060 876 1107 dissimile,
898 1073 1016 1111 quam
1031 1060 1144 1097 Cotta
1163 1059 1250 1097 Sul-

136 1110 259 1161 picio3
283 1118 320 1149 et
333 1118 493 1163 uterque
513 1113 722 1164 aequalibus
742 1113 818 1151 suis
836 1114 1049 1164 plurimum
1063 1112 1249 1164 praestitit.

138 1163 270 1211 Quare
283 1165 354 1202 hoc
369 1165 530 1204 doctoris
544 1167 789 1217 intelligentis
808 1175 876 1215 est,
897 1167 1037 1214 videre,
1059 1179 1136 1218 quo
1154 1165 1251 1203 ferat

137 1225 274 1256 natura
300 1231 368 1256 sua
394 1232 612 1271 quemque;
643 1228 680 1258 et
699 1222 743 1258 ea
762 1221 857 1259 duce
883 1228 1053 1258 utentem
1073 1220 1125 1257 sic
1143 1219 1250 1256 insti-

136 1278 255 1319 tuere,
276 1279 320 1309 ut
336 1273 541 1311 Isocratem
560 1274 600 1311 in
620 1274 801 1311 acerrimo
818 1274 971 1324 ingenio
990 1272 1249 1324 Theopompi,

137 1332 175 1362 et
200 1325 392 1364 lenissimo
418 1326 579 1378 Ephori,
607 1327 746 1365 dixisse
771 1328 955 1365 traditum
981 1335 1049 1375 est,
1076 1326 1185 1364 alteri
1212 1339 1251 1363 se

138 1379 297 1417 calcaria
328 1379 521 1428 adhibere,
556 1381 663 1418 alteri
692 1381 828 1419 frenos.
877 1381 1036 1432 Sulpicii
1065 1380 1250 1418 orationes

137 1445 224 1483 quae
241 1433 430 1481 feruntur,
454 1447 514 1472 eas
533 1444 618 1485 post
632 1442 794 1472 mortem
814 1436 894 1483 ejus
910 1435 1097 1485 scripsisse
1113 1434 1158 1471 P.
1176 1433 1251 1471 Ca-

136 1487 267 1524 nutius
286 1494 457 1537 putatur,
479 1489 635 1538 aequalis
652 1501 775 1536 meus,
802 1489 932 1536 homo,
954 1496 1061 1526 extra
1078 1494 1251 1524 nostrum

136 1540 324 1587 ordinem,
348 1554 433 1578 meo
455 1542 600 1591 judicio
619 1542 895 1580 disertissimus.
945 1542 1073 1593 Ipsius
1092 1540 1252 1591 Sulpicii

137 1594 244 1631 nulla
263 1595 381 1632 oratio
401 1602 479 1633 est:
511 1609 684 1647 saepeque
703 1609 750 1633 ex
770 1609 813 1634 eo
832 1595 974 1643 audivi,
995 1608 1085 1634 cum
1103 1607 1142 1632 se
1161 1594 1252 1632 scri-

137 1648 226 1685 bere
255 1660 379 1699 neque
404 1651 600 1686 consuesse
630 1662 754 1700 neque
783 1662 892 1700 posse
917 1649 1067 1688 diceret.
1111 1647 1250 1695 Cottae,

136 1714 205 1751 pro
227 1699 322 1752 [se,]
344 1702 427 1752 lege
447 1702 580 1751 Varia,
601 1716 687 1754 quae
705 1703 935 1750 inscribitur,
957 1716 1041 1740 eam
1061 1702 1108 1740 L.
1122 1701 1251 1739 AElius

138 1754 286 1805 scripsit
316 1754 438 1793 Cottae
463 1763 611 1806 rogatu.
652 1757 744 1793 Fuit
761 1757 793 1794 is
812 1756 969 1795 omnino
987 1756 1045 1794 vir
1063 1754 1249 1806 egregius,

139 1816 176 1845 et
207 1821 320 1859 eques
351 1809 551 1847 Romanus
577 1822 665 1848 cum
690 1810 824 1860 primis
849 1811 1043 1858 honestus,
1072 1809 1252 1858 idemque

138 1861 414 1900 eruditissimus
434 1870 470 1900 et
491 1863 633 1901 Graecis
650 1863 767 1901 literis
787 1870 823 1901 et
842 1863 1016 1908 Latinis3
1046 1861 1253 1913 antiquita-

136 1915 262 1966 tisque
286 1923 423 1953 nostrae
449 1924 486 1954 et
509 1917 550 1954 in
577 1917 739 1955 inventis
765 1919 877 1955 rebus
897 1924 933 1954 et
951 1917 991 1954 in
1011 1916 1116 1963 actis,
1137 1915 1254 1965 scrip-

136 1975 343 2020 torumque
357 1977 541 2018 veterum,
558 1970 704 2008 literate
722 1971 890 2021 peritus:
920 1983 1038 2021 quam
1057 1968 1252 2007 scientiam

140 2021 265 2060 Varro
283 2031 422 2071 noster,
445 2031 638 2075 acceptam
657 2026 705 2062 ab
724 2024 804 2071 illo,
826 2031 1054 2074 auctamque
1071 2035 1139 2073 per
1158 2035 1250 2067 sese,

137 2075 193 2112 vir
219 2075 372 2125 ingenio
391 2085 587 2128 praestans,
616 2078 798 2128 omnique
816 2077 1001 2124 doctrina,
1022 2076 1197 2127 pluribus
1215 2082 1253 2113 et

139 2128 408 2169 illustrioribus
427 2131 544 2169 literis
558 2131 773 2183 explicavit.
803 2131 877 2169 Sed
891 2131 994 2168 idem
1009 2129 1138 2167 AElius
1151 2129 1254 2167 Stoi·-

141 2194 206 2220 cus
225 2195 303 2222 esse
323 2184 456 2233 voluit,
486 2192 610 2224 orator
635 2192 778 2233 autem,
806 2197 875 2224 nec
895 2183 1042 2224 studuit
1067 2194 1256 2233 unquam,
