1407 2308
199 65 276 105 DE
297 65 679 114 INVENTIONE,
702 65 798 104 Lm.
818 65 873 104 11.
895 65 997 105 CAP.
1014 67 1077 103 25.
1133 68 1190 103 85>

92 185 159 223 per
189 185 228 210 se
256 173 382 224 ipsum
410 184 485 210 non
511 172 559 210 sit
586 171 838 223 probandum,
868 185 915 211 ex
943 184 987 210 eo
1013 173 1120 221 cujus
1148 172 1187 209 id

92 225 205 263 causa
232 225 374 264 factum
403 233 471 273 est,
502 226 725 264 defenditur.
772 226 832 264 Ea
861 232 915 264 est
942 225 1186 274 hujusmodi:

92 277 262 324 Quidam
287 279 502 330 imperator,
530 292 617 317 cum
643 281 690 317 ab
716 279 884 317 hostibus
911 279 1190 316 circumsidere-

93 338 169 378 tur,
198 343 320 383 neque
345 332 508 382 effugere
531 333 610 369 ullo
635 332 747 369 modo
771 339 906 382 posset,
933 332 1109 382 depactus
1136 340 1190 369 est

92 396 181 422 cum
200 385 265 432 eis,
286 392 329 422 ut
342 398 447 422 arma
461 392 497 422 et
511 385 780 435 impedimenta
794 386 1031 436 relinqueret,
1052 384 1190 422 milites

93 436 287 475 educeret:
317 438 444 489 itaque
462 438 573 476 fecit:
594 439 708 475 armis
727 446 763 476 et
781 438 1059 489 impedimentis
1078 437 1193 475 amis-

93 490 158 537 sis,
178 498 311 541 praeter
328 504 433 542 spem
452 492 589 529 milites
608 491 846 529 conservavit.
876 492 1089 529 Accusatur
1107 503 1189 528 ma-

91 543 247 591 jestatis.
277 543 441 582 Incurrit
458 544 532 582 huc
547 544 724 582 definitio.
754 544 828 582 Sed
847 557 914 582 nos
931 544 1032 582 hunc
1050 544 1191 591 locum,

95 595 144 633 de
170 609 246 647 quo
273 597 435 647 agimus,
469 598 754 636 consideremus.
802 598 967 635 Intentio
1000 604 1066 643 est,
1102 597 1191 634 Non

95 649 262 699 oportuit
280 663 385 687 arma
403 658 440 688 et
457 650 728 701 impedimenta
743 651 966 702 relinquere.
1009 650 1195 700 Depulsio

96 708 165 749 est,
199 701 391 752 Oportuit.
438 703 608 750 Quaestio
640 711 707 751 est,
742 703 1040 754 Oportueritne?
1080 703 1196 740 Ratio

97 762 166 802 est,
200 754 346 794 Milites
373 756 474 794 enim
506 769 636 795 omnes
666 757 859 807 perissent.
903 756 1114 794 Infirmatio
1142 762 1197 793 est

97 815 165 845 aut
182 810 453 858 conjecturalis,
480 810 571 848 Non
595 810 803 860 periissent,
830 817 897 847 aut
914 810 1031 847 altera
1049 810 1195 857 conjec-

100 861 245 909 turalis,
275 862 367 899 Non
394 863 477 900 ideo
504 863 635 900 fecisti.
680 862 744 900 Ex
774 863 912 913 quibus
939 869 1028 900 sunt
1050 862 1197 910 judica-

97 914 230 962 tiones,
260 914 543 954 Periissentne?
579 922 629 963 et,
659 915 800 953 Ideone
828 915 984 954 fecerit?
1021 921 1087 952 aut
1115 915 1196 953 haec

95 967 363 1018 comparativa,
392 970 500 1017 cujus
519 981 621 1006 nunc
638 968 866 1019 indigemus,
886 968 944 1005 At
962 968 1063 1006 enim
1083 968 1198 1006 satius

97 1019 171 1058 fuit
201 1020 372 1058 amittere
403 1022 554 1068 milites,
588 1034 705 1073 quam
732 1034 839 1059 arma
865 1028 902 1060 et
927 1021 1199 1071 impedimenta

95 1072 266 1112 hostibus
281 1074 489 1112 concedere.
529 1075 593 1112 Ex
607 1075 685 1126 qua
699 1075 880 1124 judicatio
899 1075 1075 1122 nascitur,
1094 1074 1195 1112 Cum

95 1138 228 1165 omnes
245 1127 401 1177 perituri
418 1128 556 1166 milites
571 1135 704 1175 essent,
725 1128 797 1165 nisi
815 1128 863 1165 ad
876 1128 973 1165 hanc
987 1128 1197 1178 pactionem

99 1180 297 1227 venissent,
318 1187 448 1218 utrum
467 1182 581 1219 satius
599 1181 713 1219 fuerit
730 1181 899 1219 amittere
916 1181 1068 1229 milites,
1088 1193 1136 1218 an
1151 1181 1197 1218 ad

97 1232 196 1271 hanc
213 1233 464 1272 conditionem
483 1234 638 1273 venire?
679 1234 766 1272 Hoc
784 1247 904 1272 causae
922 1246 1041 1284 genus
1066 1246 1113 1271 ex
1138 1234 1199 1272 his

97 1283 188 1324 locis
205 1286 356 1324 tractari
376 1285 593 1338 [oportebit,
610 1294 646 1325 et
660 1287 854 1338 adhibere]
872 1294 1089 1325 caeterarum
1104 1300 1198 1337 quo-

102 1351 178 1389 que
213 1340 522 1378 constitutionum
559 1341 742 1378 rationem
779 1347 892 1391 atque
920 1347 1129 1391 praecepta3
1158 1353 1201 1378 ac

102 1392 269 1430 maxime
292 1394 513 1441 conjecturis
537 1393 714 1431 faciendis
737 1393 928 1431 infirmare
951 1393 1061 1441 illud,
1082 1393 1198 1444 quod,

103 1456 192 1482 cum
210 1457 253 1483 eo
277 1445 380 1496 quod
404 1446 552 1484 crimini
570 1447 734 1494 dabitur,
758 1446 799 1494 ii,
825 1446 893 1497 qui
911 1447 1198 1494 accusabuntur,

104 1499 388 1548 comparabunt.
424 1499 472 1536 Id
490 1500 567 1547 fiet,
595 1500 626 1537 si
645 1507 711 1537 aut
734 1499 774 1536 id
799 1499 900 1550 quod
925 1499 1049 1537 dicent
1072 1499 1201 1537 defen-

104 1563 202 1589 sores
230 1550 402 1589 futurum
432 1551 559 1599 Fuisse,
586 1553 659 1590 nisi
686 1552 726 1590 id
751 1552 890 1590 factum
917 1558 1024 1599 esset,
1051 1564 1127 1603 quo
1154 1552 1201 1590 de

102 1603 201 1642 facto
220 1604 406 1653 judicium
426 1612 493 1652 est,
512 1605 685 1643 futurum
704 1605 818 1643 fuisse
835 1605 1058 1655 negabitur3
1087 1612 1154 1642 aut
1172 1605 1201 1643 si

102 1657 178 1694 alia
195 1657 350 1705 ratione,
370 1665 407 1696 et
424 1659 537 1696 aliam
555 1661 604 1696 ob
619 1671 784 1705 causam,
811 1671 854 1696 ac
872 1659 970 1696 dicet
988 1671 1026 1696 se
1044 1671 1129 1696 reus
1147 1658 1202 1695 fe-

102 1709 207 1757 cisse,
227 1710 543 1749 demonstrabitur
571 1725 648 1750 esse
671 1712 826 1749 factum.
868 1711 966 1760 Ejus
990 1711 1043 1749 rei
1068 1712 1203 1749 confir-

103 1763 233 1811 matio,
262 1770 299 1801 et
316 1764 407 1802 item
425 1765 609 1803 contraria
627 1765 673 1803 de
691 1772 795 1815 parte
813 1764 1029 1812 infirmatio,
1050 1777 1096 1801 ex
1115 1777 1203 1802 con-

101 1816 275 1864 jecturali
293 1817 554 1855 constitutione
573 1825 752 1856 sumetur.
787 1818 854 1856 Sin
873 1824 1000 1855 autem
1019 1824 1117 1855 certo
1136 1829 1204 1854 no-

104 1868 208 1906 mine
232 1870 407 1908 maleficii
435 1871 628 1909 vocabitur
651 1871 691 1908 in
715 1870 917 1920 judicium,
948 1870 1044 1908 sicut
1068 1871 1106 1907 in
1133 1870 1204 1907 hac

108 1921 221 1959 causa
245 1924 351 1964 (nam
375 1924 580 1972 majestatis
605 1924 831 1972 arcessitur),
851 1923 1066 1961 definitione
1085 1929 1122 1960 et
1139 1923 1206 1959 de-

107 1974 285 2012 finitionis
303 1977 495 2027 praeceptis
513 1977 570 2014 uti
588 1977 782 2028 oportebit.

163 2027 300 2066 XXV.
329 2029 461 2080 Atque
487 2029 560 2068 hoc
583 2030 738 2081 quidem
762 2030 987 2080 plerumque
1010 2028 1049 2065 in
1075 2039 1209 2078 genere

115 2080 259 2128 accidit,
279 2089 322 2119 ut
345 2089 383 2120 et
400 2083 615 2131 conjectura
639 2090 675 2121 et
697 2083 912 2121 definitione
937 2081 1121 2119 utendum
1147 2080 1205 2117 sit.

111 2133 178 2170 Sin
196 2133 300 2171 aliud
317 2147 468 2186 quoque
486 2136 639 2187 aliquod
656 2149 774 2187 genus
792 2135 944 2182 incidet,
965 2136 1045 2182 ejus
1064 2133 1208 2183 generis

161 2186 354 2234 (Rhetor.)
384 2199 486 2226 vol..
512 2200 537 2226 Ι.
869 2200 881 2225 1
