1429 2344
182 86 262 125 250
330 85 407 126 DE
428 86 722 139 ORATORE,
752 88 850 128 Lrn.
869 88 926 128 ΙΙ.
957 87 1061 128 ΟΑΡ.
1078 89 1143 126 55.

179 192 390 244 excitasset,
410 202 448 234 et
465 196 572 234 alteri
587 195 634 234 de
648 196 794 236 colonia
809 195 1050 239 Narbonensi
1069 193 1194 235 Crassi
1208 204 1293 232 ora·

179 247 322 285 tionem
339 249 541 298 legendam
555 249 728 299 dedisset,
749 250 855 289 alteri
874 250 920 288 de
942 251 1025 301 lege
1040 248 1224 292 Serviliag
1254 252 1293 283 et

179 312 269 338 cum
288 302 474 340 contraria
491 303 589 341 inter
607 316 685 342 sese
704 304 750 342 de
764 304 958 355 republica
970 304 1093 354 capita
1111 300 1292 341 contulis-

180 361 261 398 set3
293 362 418 393 noster
447 355 510 395 hic
528 357 752 395 facetissime
770 364 843 395 tres
861 358 978 408 patris
1003 356 1117 395 Bruti
1144 355 1190 392 de
1206 355 1293 404 jure

179 407 281 444 civili
299 408 447 447 libellos
466 411 586 448 tribus
612 411 789 461 legendos
811 411 925 449 dedit.
954 411 1019 448 Ex
1037 409 1133 448 libro
1151 408 1290 460 primo,

181 462 210 482 ‘⁶
227 460 341 499 Forte
355 463 491 512 evenit,
512 470 556 501 ut
573 464 613 501 in
633 465 845 502 Privernati
863 477 1026 502 essemus
1039 464 1080 501 :''
1110 465 1138 484 “
1154 463 1291 509 Brute,

178 513 401 552 testificatur
417 524 538 566 pater,
568 531 607 554 se
625 518 694 555 tibi
721 517 981 555 Privernatem
1012 516 1178 555 fundum
1206 514 1293 553 reli-

179 567 347 618 quisse.’'
376 568 526 607 Deinde
541 583 587 607 ex
600 571 698 609 libro
717 571 894 618 secundo,
925 573 954 592 “
970 569 1019 607 Ι11
1037 570 1193 607 Albano
1212 581 1294 606 era-

179 632 267 658 mus
294 634 364 672 ego
392 629 428 659 et
450 623 608 661 Marcus
627 624 728 662 filius
742 625 783 670 ;'’
814 626 841 646 “
856 624 1013 674 Sapiens
1031 623 1203 661 videlicet
1223 622 1294 659 ho-

177 685 243 711 mo
263 687 351 712 cum
378 676 511 726 primis
539 672 675 715 nostrae
694 677 866 725 civitatis,
894 679 1005 715 nbrat
1031 677 1135 714 hunc
1161 674 1293 726 gurgi-

179 732 283 773 tem;
314 732 523 779 metuebat,
543 743 605 780 ne,
626 744 715 769 curn
739 731 771 769 is
789 731 886 769 nihil
903 732 1071 778 haberet,
1099 729 1196 767 nihil
1215 741 1293 767 esse

177 780 213 818 ei
231 781 405 820 relictum
423 785 660 834 putaretur.''
689 785 797 823 Tum
825 798 873 823 ex
890 785 987 823 libro
1007 783 1129 831 tertio,
1157 783 1198 820 in
1217 795 1295 833 quo

177 833 296 872 finem
321 836 507 875 scribendi
524 838 613 876 fecit
632 841 704 882 (tot
728 839 844 887 enim,
870 846 914 876 ut
939 837 1067 876 audivi
1085 836 1293 875 Scaevolam

178 887 315 938 dicere,
336 897 425 928 sunt
443 891 521 929 veri
540 892 655 930 Bruti
671 892 776 940 libri)
798 894 826 914 ‘⁶
839 892 889 930 In
908 891 1064 930 Tiburti
1082 890 1177 928 forte
1195 902 1295 928 asse-

176 940 306 980 dimus
331 956 401 993 ego
422 951 459 982 et
477 944 635 983 Marcus
664 946 821 992 filius;”
852 946 974 984 “Ubi
1003 951 1092 983 sunt
1117 944 1146 982 ii
1164 943 1291 991 fundi,

176 992 314 1042 Brute,
336 1010 430 1047 quos
448 997 519 1036 tibi
537 1006 645 1050 pater
662 999 825 1050 publicis
851 997 1129 1037 commentariis
1147 997 1295 1047 consig-

176 1054 286 1086 natos
317 1050 502 1101 reliquit?
550 1052 681 1102 Quod,
715 1052 788 1090 nisi
816 1054 1000 1103 puberem
1031 1051 1112 1099 te,”
1149 1050 1291 1101 inquit,

179 1102 300 1150 “jam
318 1102 487 1152 haberet,
508 1113 689 1156 quartum
706 1105 851 1144 librum
875 1105 1170 1156 composuisset3
1199 1111 1236 1141 et
1254 1116 1294 1142 se

177 1154 294 1192 etiam
315 1156 356 1194 in
374 1157 520 1196 balneis
544 1159 667 1197 lotum
686 1172 776 1197 cum
793 1159 887 1207 filio,
914 1159 1096 1210 scrip-tum
1118 1157 1293 1208 reliquis-

176 1209 274 1245 set.'’
315 1209 414 1257 Quis
433 1218 488 1248 est
504 1211 635 1262 igitur,
662 1213 729 1263 qui
758 1225 836 1250 non
853 1212 1030 1260 fateatur,
1060 1211 1133 1249 hoc
1150 1211 1292 1262 lepore,

176 1268 292 1312 atque
309 1262 368 1300 his
387 1263 543 1314 facetiis,
559 1278 637 1303 non
649 1266 778 1304 minus
792 1266 1002 1304 refutatum
1016 1278 1093 1303 esse
1107 1265 1291 1313 Brutum,

179 1328 299 1365 quam
317 1316 392 1354 illis
417 1319 621 1368 tragoediis,
652 1333 747 1370 quas
777 1319 854 1370 egit
881 1319 998 1368 idem,
1025 1331 1114 1357 cum
1143 1331 1232 1356 casu
1251 1318 1292 1356 in

179 1368 314 1406 eadem
333 1370 446 1408 causa
458 1371 592 1410 funere
613 1373 805 1411 efferretur
825 1385 920 1410 anus
934 1373 963 1411 ,J
965 1372 1082 1411 unia?
1113 1372 1204 1420 Pro,
1225 1371 1294 1409 Dii

174 1420 408 1462 immortales
424 1424 434 1461 1
469 1438 555 1475 quae
573 1426 647 1463 fuit
665 1426 745 1475 illa,
777 1433 921 1477 quanta
939 1426 993 1465 vis
1009 1427 1019 1464 !
1049 1438 1168 1477 quam
1185 1425 1294 1462 inex-

174 1483 341 1525 spectata
363 1477 372 1514 Ξ
405 1491 523 1528 quam
554 1480 750 1530 repentina
768 1481 778 1518 1
810 1493 912 1529 cum,
947 1479 1122 1529 conjectis
1158 1479 1290 1528 oculis,

172 1535 283 1578 gestu
302 1531 407 1568 omni
425 1531 655 1581 imminenti,
676 1533 829 1571 summa.
848 1533 1031 1584 gravitate
1056 1540 1093 1571 et
1107 1532 1294 1570 celeritate

172 1583 390 1631 verborum,
421 1586 448 1606 “
464 1585 600 1634 Brute,
633 1586 727 1636 quid
752 1586 888 1625 sedes?
917 1586 1012 1638 quid
1038 1585 1146 1624 illam
1173 1598 1292 1624 anum

171 1635 272 1684 patri
290 1637 467 1675 nuntiare
485 1638 541 1676 vis
560 1642 654 1677 tuo?
684 1639 779 1690 quid
802 1639 878 1677 illis
905 1639 1097 1688 omnibus,
1126 1652 1292 1690 quorum

171 1686 356 1739 imagines
380 1690 468 1728 duci
486 1691 620 1730 vides?
650 1693 744 1744 quid
769 1693 976 1742 majoribus
994 1693 1098 1731 tuis?
1127 1692 1221 1743 quid
1240 1692 1290 1730 L.

171 1741 310 1791 Bruto,
330 1743 398 1794 qui
415 1744 519 1796 bunc
538 1746 725 1796 populum
746 1746 944 1784 dominatu
962 1746 1065 1796 regio
1082 1745 1257 1783 liberavit
1271 1748 1289 1784 ?

171 1795 267 1845 quid
285 1803 321 1834 te
347 1796 498 1836 facere?
532 1798 594 1835 cui
620 1799 688 1847 rei,
723 1799 784 1837 cui
805 1800 949 1850 gloriae,
975 1799 1037 1838 cui
1062 1799 1193 1837 virtuti
1211 1806 1291 1836 stu-

171 1847 290 1887 dere?
319 1851 595 1900 patrimonione
614 1853 819 1902 augendo?
850 1860 889 1891 at
910 1853 950 1890 id
967 1865 1045 1891 non
1071 1860 1126 1890 est
1152 1852 1291 1890 nobili-

169 1902 282 1939 tatis:
315 1903 380 1941 sed
397 1904 457 1942 fac
484 1917 575 1951 esse,
606 1906 703 1943 nihil
728 1913 921 1957 superest3
955 1906 1132 1945 libidines
1159 1912 1286 1944 totum

168 1954 468 2006 dissipaverunt:
497 1971 545 1996 an
562 1959 641 2007 juri
659 1959 760 1997 civili
772 1962 790 1998 Ρ
813 1967 868 1998 est
885 1966 1113 2011 paternum:
1145 1959 1211 1997 sed
1229 1959 1289 1997 di-

167 2014 241 2056 cet,
262 2017 312 2056 te,
328 2022 417 2048 cum
432 2011 528 2050 aedes
547 2012 738 2061 venderes,
759 2025 808 2052 ne
826 2013 867 2051 in
881 2013 976 2051 rutis
994 2013 1148 2065 quidem
1162 2020 1200 2051 et
1213 2025 1286 2050 cae-

167 2061 218 2099 sis
237 2063 375 2101 solium
397 2064 468 2103 tibi
485 2072 688 2116 paternum
706 2067 911 2118 recepisse:
941 2079 991 2104 an
1009 2067 1064 2105 rei
1090 2065 1252 2104 militari
1268 2068 1287 2105 ἓ

168 2114 237 2165 qui
264 2128 465 2168 nunquam
493 2126 613 2158 castra
638 2118 809 2159 videris?
837 2133 888 2158 an
914 2120 1170 2171 eloquentiae?
1198 2132 1286 2171 quae

167 2168 275 2208 nulla
307 2176 363 2209 est
389 2171 430 2210 in
460 2180 522 2212 te:
557 2179 607 2222 et,
640 2173 828 2226 quidquid
855 2180 911 2214 est
938 2173 1038 2214 vocis
1063 2186 1108 2213 ac
1125 2173 1284 2225 linguae,
