1407 2308
289 58 368 98 DE
395 57 690 108 ORATORE,
719 59 817 98 Lm.
840 59 873 98 I.
903 59 1006 99 CAP.
1023 62 1086 99 38.
1164 63 1238 101 163

132 174 189 206 est
206 165 263 204 vir
276 165 315 204 in
330 165 486 205 dicendo
500 179 686 214 summus,
702 180 816 218 quem
831 180 900 219 ego
915 180 1036 206 unum
1050 176 1234 207 oratorem

135 220 301 258 maxime
326 220 514 266 admiror,
545 220 609 258 sed
634 228 761 258 tamen
786 221 887 259 idem
912 221 982 259 hoc
1008 235 1154 273 semper
1169 223 1233 271 jus

135 273 242 312 civile
268 273 474 311 contemsit.
522 274 682 321 Verum,
710 274 889 324 quoniam
913 275 1103 312 sententia?
1122 283 1236 327 atque

131 326 318 377 opinionis
341 339 436 364 meae
461 327 631 365 voluistis
656 340 732 365 esse
755 328 966 379 participes,
994 329 1089 366 nihil
1109 330 1233 367 occul-

133 381 245 425 tabo,
235 393 244 403 ·
275 389 325 428 et,
354 380 479 431 quoad
509 388 652 431 potero,
688 381 793 418 vobis
824 393 1026 433 exponam,
1061 382 1155 433 quid
1187 382 1234 420 de

133 446 286 484 quaque
303 445 343 470 re
361 433 532 471 sentiam.

187 485 437 525 XXXVIII.
452 487 614 525 Antonii
625 486 851 525 incredibilis
865 487 1055 539 quaedam,
1069 495 1105 526 et
1118 501 1236 549 prope

133 539 333 604 singularis
358 547 395 577 et
418 540 559 588 divina,
580 541 635 578 vis
652 541 793 591 ingemi
813 541 973 589 videtur,
994 542 1140 580 etiamsi
1164 543 1236 580 hac

133 593 287 632 scientia
302 593 397 641 juris
416 593 557 631 nudata
575 594 635 640 sit,
655 607 762 644 posse
781 607 819 632 se
836 595 945 632 facile
963 595 1102 632 caeteris
1121 596 1236 634 armis

135 646 346 698 prudentiae
369 647 466 684 tueri
491 654 603 697 atque
631 647 839 685 defendere.
887 648 1147 695 Quamobrem
1172 648 1235 686 hic

136 700 243 738 nobis
269 699 317 737 sit
341 707 541 751 exceptus:
571 707 720 738 caeteros
746 713 832 738 vero
856 713 932 738 non
959 700 1139 739 dubitabo
1157 701 1234 752 pri-

133 765 243 790 mum
261 753 403 790 inertiae
427 753 675 791 condemnare
700 753 881 791 sententia
900 754 999 801 meir,
1019 761 1103 804 post
1121 755 1235 792 etiam

134 806 391 857 impudentiae.
439 807 544 844 Nam
571 807 724 844 volitare
749 806 788 843 in
816 806 911 854 foro,
938 807 1077 844 haerere
1095 807 1134 844 in
1150 808 1235 856 jure

132 874 176 898 ac
190 867 393 911 praetorum
408 859 671 907 tribunalibus,
685 859 827 908 judicia
843 860 990 911 privata
1006 873 1232 910 magnarum

134 926 262 952 rerum
286 912 402 960 obire,
429 913 469 950 in
495 913 632 964 quibus
658 925 754 973 saepe
780 925 856 950 non
885 913 932 950 de
956 913 1068 960 facto,
1096 913 1160 951 sed
1187 914 1234 952 de

134 967 310 1018 aequitate
328 978 371 1003 ac
391 967 491 1015 jure,
519 973 691 1014 certetur,
717 967 858 1014 jactare
882 979 920 1004 se
944 967 984 1003 in
1010 966 1129 1004 causis
1147 979 1234 1004 cen-

132 1019 411 1068 tumviralibus,
443 1019 484 1056 in
521 1019 659 1079 quibus
690 1020 979 1070 usucapionum,
1013 1020 1232 1067 tutelarum,

131 1073 400 1125 gentilitatum,
421 1073 681 1133 agnationum,
702 1073 952 1120 alluvionum,
969 1072 1233 1112 circumluvio-

132 1139 240 1175 num,
266 1138 466 1174 nexorum,
485 1126 775 1176 mancipiorum,
796 1126 998 1177 parietum,
1024 1126 1232 1175 luminum,

131 1179 419 1227 stillicidiorum,
432 1186 742 1217 testamentorum
756 1186 954 1230 ruptorum
970 1186 1036 1217 aut
1049 1186 1230 1227 ratorum,

131 1241 425 1284 caeterarumque
449 1245 575 1270 rerum
604 1232 940 1270 innumerabilium
967 1233 1055 1280 jura
1083 1246 1231 1270 versen-

132 1295 209 1335 tur,
229 1299 318 1324 cum
336 1285 504 1333 omnino,
525 1286 618 1337 quid
643 1299 770 1335 suum,
797 1286 890 1336 quid
908 1285 1089 1333 alienum,
1116 1299 1232 1336 quare

127 1341 292 1391 denique
316 1338 406 1377 civis
431 1347 497 1376 aut
521 1339 752 1389 peregrinus,
781 1352 907 1376 servus
933 1345 1000 1375 aut
1016 1339 1111 1376 liber
1129 1339 1233 1390 quis-

128 1394 233 1444 piam
251 1393 312 1439 sit,
334 1393 490 1439 ‘onoret,
511 1392 667 1442 insignis
686 1400 740 1429 est
758 1391 1014 1441 impudentiae.
1055 1391 1130 1429 Illa
1144 1405 1231 1430 vero

128 1445 333 1485 deridenda
356 1444 569 1495 arrogantia
593 1452 660 1492 est,
687 1445 727 1481 in
751 1445 961 1482 minoribus
985 1445 1144 1495 navigiis
1168 1458 1233 1483 ru-

129 1499 218 1537 dem
237 1511 314 1537 esse
332 1511 370 1536 se
388 1498 579 1542 confiteri3
609 1498 912 1548 quinqueremes,
932 1504 1000 1534 aut
1018 1498 1131 1535 etiam
1149 1511 1231 1536 ma-

127 1554 241 1602 jores,
269 1553 478 1602 gubernare
499 1551 681 1589 didicisse.
728 1551 793 1588 Tu
812 1551 908 1589 mihi
926 1563 1013 1588 cum
1032 1551 1072 1588 in
1092 1551 1231 1589 circulo

131 1605 316 1656 decipiare
348 1604 548 1642 adversarii
580 1604 904 1655 stipulatiuncula,
938 1617 1026 1642 cum
1058 1605 1231 1655 obsignes

129 1659 286 1697 tabellas
311 1657 455 1695 clientis
480 1657 550 1705 tui,
577 1658 715 1708 quibus
740 1658 781 1695 in
807 1657 953 1695 tabellis
977 1657 1017 1694 id
1042 1658 1090 1695 sit
1114 1658 1230 1709 scrip-

129 1720 228 1761 tum,
258 1724 334 1762 quo
351 1711 416 1748 ille
434 1711 627 1762 capiatur,
617 1724 627 1734 ·
657 1723 726 1761 ego
749 1711 820 1749 tibi
839 1711 958 1748 ullam
977 1723 1129 1748 causam
1147 1724 1230 1748 ma-

126 1767 252 1815 jorem
277 1763 586 1802 committendam
611 1764 774 1815 putem?
825 1763 962 1811 Citius,
985 1764 1150 1811 hercule,
1181 1764 1228 1812 is,

128 1819 197 1870 qui
215 1818 379 1856 duorum
397 1818 624 1855 scalmorum
638 1817 876 1855 naviculam-
865 1829 905 1853 m
919 1824 1030 1867 portu
1046 1818 1230 1864 everterit,

129 1872 171 1910 in
188 1871 346 1910 Euxino
362 1878 479 1921 ponto
499 1870 811 1921 Argonautarum
836 1882 971 1907 navem
996 1869 1228 1920 gubernarit.

130 1924 270 1984 Quid?
298 1924 330 1962 si
357 1935 405 1961 ne
433 1937 558 1974 parvae
582 1923 736 1974 quidem
765 1936 886 1962 causae
910 1930 1011 1970 sunt,
1041 1922 1105 1960 sed
1132 1935 1231 1973 saepe

130 1977 323 2026 maximae,
350 1976 392 2014 in
424 1977 563 2028 quibus
593 1984 754 2015 certatur
785 1977 832 2014 de
859 1978 945 2025 jure
972 1951 1096 2020 ci'vi1i;
1126 1975 1228 2026 quod

133 2030 284 2068 tandem
311 2043 352 2069 os
377 2036 432 2068 est
457 2030 559 2067 illius
583 2030 745 2080 patroni,
772 2029 839 2081 qui
858 2029 906 2066 ad
925 2042 986 2066 eas
1003 2041 1131 2066 causas
1150 2028 1230 2066 sine

132 2083 214 2121 ulla
226 2082 379 2122 scientia
393 2083 490 2132 juris
506 2083 620 2121 audet
633 2083 835 2121 accedere?
865 2082 964 2129 Quae
977 2081 1102 2132 potuit
1114 2081 1230 2131 igitur

129 2148 210 2176 esse
225 2138 338 2177 causa
353 2137 489 2188 major,
508 2149 625 2188 quam
643 2136 745 2176 illius
758 2135 904 2184 militis,
924 2134 970 2174 de
988 2135 1096 2185 cujus
1109 2140 1229 2173 morte
