1429 2344
163 74 216 113 98
270 72 348 112 DE
369 71 757 124 INVENTIONE,
779 75 877 114 Lm.
896 74 953 114 11.
975 74 1080 115 CAP.
1095 70 1176 120 37.7

215 180 419 221 XXXVI.
447 181 701 221 Adversarius
723 189 852 221 autem
870 183 1072 222 malefacta
1089 182 1267 234 augebit:

162 234 259 272 nihil
276 235 549 286 imprudenter,
577 237 641 274 sed
666 237 796 274 omnia
814 249 862 275 ex
881 237 1102 275 crudelitate
1126 245 1164 275 et
1187 249 1270 274 ma-

162 288 246 326 litia
263 289 362 327 facta
379 289 503 335 dicet3
533 291 661 341 ipsum
686 290 1033 339 immisericordem,
1063 291 1269 342 superbum

162 342 301 380 fuisse:
343 349 392 390 et,
429 343 461 381 si
492 344 642 395 poterit,
676 344 858 391 ostendet,
893 357 1039 395 semper
1070 344 1270 382 inimicum

163 395 292 443 fuisse,
323 404 359 434 et
377 397 544 435 amicum
569 397 650 435 fieri
674 398 782 436 nullo
799 397 914 436 modo
932 411 1050 449 posse.
1091 398 1133 436 Si
1157 400 1270 436 bene-

165 449 250 487 ficia
263 449 451 500 proferet3
473 458 539 489 aut
558 451 688 503 aliqua
706 451 753 489 de
771 452 884 490 causa
897 451 1009 499 facta,
1028 463 1105 490 non
1119 459 1272 502 propter

164 503 479 553 benevolentiam,
496 504 791 551 demonstrabit;
817 512 883 543 aut
896 512 1026 555 postea
1043 505 1175 543 odium
1194 517 1273 542 esse

163 568 248 594 acre
266 564 495 608 susceptum,
516 566 583 596 aut
596 559 663 596 ffla
676 559 805 596 omnia
822 559 1016 596 maleficiis
1030 571 1107 596 esse
1121 558 1243 595 deleta
1257 571 1270 602 ς

166 616 233 647 aut
250 609 390 648 leviora
408 612 602 660 beneficia,
621 625 739 664 quam
757 612 968 657 maleficia3
999 619 1079 660 aut,
1100 624 1189 650 cum
1206 613 1273 649 be-

164 663 305 701 neficiis
319 664 438 703 honos
457 666 608 704 habitus
628 666 689 714 sit,
709 679 778 717 pro
796 666 982 704 maleficio
1001 678 1153 716 poenam
1173 664 1273 703 sumi

164 724 346 766 oportere.
390 718 540 758 Deinde
571 727 682 771 turpe
713 733 803 767 esse,
838 726 905 757 aut
936 719 1085 767 inutile,
1118 718 1273 769 ignosci.

166 769 331 819 Deinde,
361 771 408 810 de
430 785 506 824 quo
530 780 574 811 ut
597 781 763 824 potestas
783 780 890 822 esset,
911 786 1009 824 saepe
1033 773 1214 823 optarint,
1234 771 1275 808 in

166 836 255 861 eum
273 832 455 875 potestate
473 839 550 864 non
569 828 640 875 uti,
661 840 852 866 summam
879 840 956 865 esse
981 826 1208 870 stultitiam3
1238 832 1276 862 et

166 878 330 927 cogitare
347 887 531 930 oportere,
559 893 675 931 quem
694 881 867 918 animum
885 881 926 918 in
945 893 1049 928 eum,
1078 880 1138 918 vel
1162 879 1277 930 quale

165 930 312 978 odium,
333 932 547 971 habuerint.
589 934 716 972 Locus
734 942 863 972 autem
882 933 1094 972 communis
1113 933 1197 980 erit,
1217 932 1276 969 in-

167 984 336 1034 dignatio
354 987 544 1035 maleficii,
572 995 610 1025 et
627 988 734 1036 alter,
755 1000 886 1026 eorum
904 987 1072 1025 misereri
1090 994 1273 1037 oportere,

166 1038 248 1088 qui,
283 1047 436 1090 propter
467 1041 676 1089 fortunam,
710 1053 787 1078 non
818 1048 971 1092 propter
1002 1040 1204 1087 malitiam,
1233 1039 1274 1076 in

167 1091 327 1130 miseriis
352 1094 437 1131 sint.
478 1094 674 1142 Quoniam
699 1094 816 1145 igitur
839 1094 879 1132 in
905 1094 1071 1145 generali
1095 1092 1277 1131 constitu-

167 1145 269 1183 tione
302 1147 447 1185 tamdiu
479 1156 632 1199 propter
667 1149 748 1198 ejus
782 1148 951 1199 partium
986 1146 1276 1184 multitudinem

167 1211 461 1249 commoramur,
491 1214 540 1240 ne
567 1202 663 1240 forte
693 1202 870 1240 varietate
901 1208 938 1239 et
970 1200 1277 1238 dissimilitudine

167 1264 295 1291 rerum
310 1253 485 1293 diductus
499 1256 660 1304 alicujus
674 1256 824 1294 animus
837 1255 879 1292 in
893 1255 1098 1306 quemdam
1114 1266 1276 1293 errorem

168 1305 383 1354 deferatur;
414 1309 508 1360 quid
527 1310 640 1347 etiam
659 1310 767 1347 nobis
792 1322 841 1347 ex
865 1321 909 1346 eo
933 1321 1068 1359 genere
1093 1314 1220 1356 restet,
1240 1314 1278 1344 et

168 1373 286 1410 quare
304 1369 429 1409 restet,
451 1363 735 1401 admonendum
755 1363 915 1401 videtur.

221 1414 487 1454 ,Iuridicialem
506 1430 659 1455 causam
678 1429 755 1455 esse
770 1417 1001 1463 dicebamus,
1021 1415 1061 1452 in
1081 1414 1159 1466 qua
1177 1414 1277 1465 aequi

168 1473 205 1504 et
223 1468 346 1519 iniqui
359 1476 509 1519 natura,
529 1471 678 1522 praemii
692 1477 759 1508 aut
772 1483 891 1521 poenae
905 1470 1014 1516 ratio,
1035 1474 1276 1520 quaereretur.

169 1520 248 1558 Eas
273 1535 417 1572 causaS,
437 1524 477 1561 in
497 1525 638 1576 quibus
662 1524 710 1562 de
734 1537 843 1575 aequo
868 1530 906 1562 et
928 1523 1061 1574 iniquo
1079 1521 1277 1573 quaeritur,

167 1587 424 1625 exposuimus.

222 1628 449 1668 XXXVII.
471 1632 606 1669 Restat
620 1645 735 1680 nunc,
756 1638 800 1669 ut
817 1631 865 1669 de
882 1629 1039 1682 praemio
1054 1636 1091 1667 et
1105 1628 1151 1666 de
1165 1628 1278 1679 poena

169 1683 414 1733 explicemus.
457 1685 557 1723 Sunt
576 1686 677 1723 enim
696 1686 829 1723 multae
847 1697 982 1731 causae,
1003 1696 1090 1734 quae
1115 1695 1163 1719 ex
1181 1695 1278 1732 prae-

168 1736 238 1773 mii
258 1737 417 1786 alicujus
435 1739 615 1789 petitione
633 1746 827 1777 constant:
849 1751 940 1775 nam
959 1744 996 1774 et
1014 1735 1117 1787 apud
1131 1735 1278 1784 judices

169 1789 217 1827 de
238 1792 395 1840 praemio
419 1805 518 1843 saepe
542 1800 802 1831 accusatorum
827 1791 1023 1843 quaeritur,
1050 1797 1087 1827 et
1104 1802 1128 1826 a
1145 1796 1277 1826 senatu

171 1850 238 1880 aut
264 1857 286 1881 a
312 1845 466 1883 consilio
491 1846 647 1896 aliquod
671 1846 874 1897 praemium
899 1857 998 1894 saepe
1022 1842 1175 1894 petitur.
1215 1842 1279 1880 Ac

170 1897 364 1935 neminem
384 1900 579 1937 conveniet
598 1899 783 1947 arbitrari,
809 1911 892 1946 nos,
916 1910 1006 1936 cum
1030 1895 1187 1947 aliquod
1211 1909 1278 1933 ex-

169 1952 342 2001 emplum
361 1965 548 2002 ponamus
567 1954 670 2004 quod
684 1953 724 1990 in
739 1959 870 1991 senatu
885 1959 1032 2002 agatur,
1047 1952 1096 1987 ab
1107 1949 1280 1998 judiciali

170 2016 306 2053 genere
337 2007 600 2057 exemplorum
633 2007 814 2045 recedere.
863 2003 1064 2055 Quidquid
1096 2003 1199 2040 enim
1231 2003 1279 2040 de

169 2057 324 2096 homine
349 2061 544 2110 probando
569 2068 635 2097 aut
659 2059 909 2111 improbando
935 2058 1085 2105 dicitur,
1115 2069 1204 2094 cum
1229 2056 1279 2093 ad

171 2124 256 2149 eam
275 2112 478 2151 dictionem
498 2114 768 2152 sententiarum
788 2125 940 2164 quoque
954 2111 1049 2149 ratio
1067 2122 1279 2148 accommo-

172 2164 295 2213 detur,
328 2166 366 2204 id
393 2180 483 2216 non,
513 2168 580 2207 etsi
606 2181 672 2218 per
699 2167 891 2207 sententiae
916 2165 1119 2204 dictionem
1137 2163 1276 2214 agitur,
