1429 2344
161 57 237 95 116
278 55 356 96 DE
386 55 776 106 INVENTIONE,
807 56 981 96 Lm-II.
1011 57 1115 96 CAP.
1137 57 1200 95 53.

152 164 268 213 sonis,
283 164 551 203 consideratur.
582 164 643 202 De
660 164 820 216 utraque
834 172 918 216 post
932 164 1098 216 apertius
1111 163 1268 215 perscri-

152 219 299 256 bemus.
348 219 466 256 Nunc
502 218 708 256 honestatis
740 218 902 256 rationes
937 219 1107 270 primum
1146 217 1268 268 expli-

151 284 294 309 cemus.

207 325 327 363 LIII.
353 325 471 372 Quod
491 332 558 362 aut
576 331 714 373 totum,
731 332 798 363 aut
812 325 942 376 aliqua
957 339 1003 363 ex
1017 331 1137 377 parte,
1153 338 1266 376 prop-

150 386 206 417 ter
226 392 264 416 se
282 379 437 430 petitur,
458 379 661 416 honestum
680 379 975 417 nominabimus.
1012 380 1157 426 Quare,
1179 391 1266 416 cum

151 433 233 481 ejus
251 432 338 470 duae
356 440 480 483 partes
502 432 591 481 sint,
613 446 777 484 quarum
803 433 921 470 altera
948 433 1126 483 simplex,
1151 433 1269 470 altera

146 487 281 534 juncta
299 486 361 533 sit,
382 461 594 537 simplicem
613 487 718 537 prius
737 486 1026 524 consideremus.
1061 485 1134 523 Est
1152 485 1268 535 igitur

150 539 190 576 in
219 552 262 577 eo
289 552 425 600 genere
451 552 582 578 omnes
610 553 668 578 res
695 540 775 578 una
802 540 840 578 vi
868 547 982 600 atque
1009 551 1088 577 uno
1115 539 1270 576 nomine

150 593 330 643 amplexa
349 593 492 631 virtus:
523 606 614 631 nam
637 593 756 632 virtus
782 601 837 631 est
862 593 981 631 animi
1006 592 1174 640 habitus,
1201 605 1268 630 na-

151 653 246 684 turae
264 646 393 695 modo,
413 647 550 684 rationi
570 654 865 685 consentaneus:
897 648 1162 699 quamobrem,
1185 659 1269 684 om-

150 700 264 738 nibus
294 701 376 749 ejus
401 701 572 751 partibus
600 700 773 751 cognitis,
803 708 882 738 tota
907 700 963 739 vis
990 699 1060 738 erit
1087 699 1270 750 simplicis

149 753 355 791 honestatis
374 754 617 792 considerata.
648 755 779 792 Habet
796 754 914 804 igitur
932 761 1057 805 partes
1076 760 1239 805 quatuor
1254 766 1267 797 ς

148 807 406 858 prudentiam,
431 808 635 857 justitiam,
663 808 940 856 fortitudinem,
964 807 1267 858 temperantiam.

151 860 361 899 Prudentia
389 869 445 899 est
477 875 604 900 renim
637 863 840 910 bonarum,
874 869 912 900 et
941 862 1148 908 malarum,
1176 872 1270 898 neu-

148 921 384 965 trarumque,
413 915 578 953 scientia.
623 916 755 953 Partes
782 917 877 964 ejus,
902 914 1101 961 memoria,
1127 913 1269 951 intelli-

149 968 292 1018 gentia,
312 968 560 1018 providentia.
595 969 788 1007 Memoria
807 976 875 1017 est,
895 982 963 1020 per
982 981 1099 1020 quam
1119 967 1270 1005 animus

151 1021 286 1072 repetit
303 1022 384 1069 illa,
406 1035 492 1073 quae
509 1022 677 1060 fuerunt.
708 1022 967 1072 Intelligentia
981 1029 1049 1069 est,
1069 1034 1136 1072 per
1151 1034 1269 1072 quam

150 1087 195 1113 ea
223 1075 414 1126 perspicit,
443 1089 529 1126 quae
554 1083 653 1114 sunt.
700 1076 943 1114 Providentia
968 1082 1037 1124 est,
1064 1088 1131 1126 per
1151 1088 1268 1125 quam

151 1127 327 1166 futurum
347 1130 493 1180 aliquid
513 1130 661 1168 videtur
679 1137 766 1168 ante
785 1143 903 1181 quam
921 1129 1066 1167 factum
1086 1129 1144 1166 sit.
1174 1129 1203 1166 J
1207 1141 1269 1166 us-

151 1181 235 1219 titia
253 1189 309 1220 est
326 1182 479 1220 habitus
493 1184 627 1232 animi,
644 1184 840 1222 communi
854 1183 1017 1220 utilitate
1035 1181 1268 1229 conservata,

151 1248 262 1273 suam
281 1236 418 1288 cuique
437 1236 606 1275 tribuens
632 1237 870 1288 dignitatem.
910 1237 1010 1285 Ejus
1034 1235 1189 1273 initium
1216 1242 1272 1273 est

149 1290 198 1327 ab
217 1290 356 1327 natura
374 1290 613 1341 profectum:
644 1291 780 1329 deinde
799 1289 977 1342 quaedam
1002 1290 1043 1327 in
1069 1296 1270 1327 consuetu-

150 1342 280 1381 dinem
306 1356 354 1381 ex
380 1344 554 1382 utilitatis
580 1344 724 1382 ratione
750 1351 958 1382 venerunt:
993 1350 1124 1395 postea
1149 1355 1207 1380 res
1235 1350 1272 1380 et

150 1397 200 1434 ab
219 1397 357 1435 natura
374 1397 574 1448 profectas,
591 1406 628 1436 et
646 1400 694 1436 ab
714 1397 988 1436 consuetudine
1005 1398 1197 1448 probatas,
1217 1396 1271 1434 le-

150 1463 246 1500 gum
264 1458 390 1488 metus
410 1458 446 1489 et
472 1452 604 1502 religio
630 1452 766 1490 sanxit.
808 1451 962 1489 Natura
982 1452 1046 1500 jus
1072 1456 1141 1498 est,
1168 1449 1271 1501 quod

152 1515 230 1541 non
256 1505 385 1555 opinio
407 1505 552 1556 genuit,
581 1505 646 1544 sed
671 1505 848 1557 quaedam
866 1505 997 1542 innata
1018 1504 1075 1542 vis
1099 1503 1270 1549 inseruit,

153 1564 198 1595 ut
216 1558 453 1609 religionem,
472 1558 666 1609 pietatem,
686 1559 863 1610 gratiam,
878 1557 1186 1604 vindicationem,
1204 1558 1272 1595 ob-

152 1611 395 1660 servantiam,
428 1612 639 1650 veritatem.
682 1612 834 1663 Religio
862 1618 931 1660 est,
959 1625 1045 1664 quae
1071 1610 1272 1661 superioris

153 1664 356 1713 cujusdam
371 1672 517 1703 naturae
536 1668 671 1717 (quam
690 1666 860 1704 divinam
880 1672 1032 1711 vocant)
1051 1677 1182 1702 curam
1201 1676 1272 1701 cae-

153 1718 435 1770 rimoniamque
454 1719 587 1765 affert;
614 1720 747 1770 pietas,
768 1733 835 1770 per
854 1732 971 1770 quam
986 1718 1170 1768 sanguine
1183 1729 1272 1755 con-

148 1771 306 1821 junctis,
345 1773 553 1823 patriaeque
588 1773 793 1820 benevolis,
834 1772 1000 1811 officium
1039 1778 1076 1809 et
1111 1770 1273 1821 diligens

153 1825 335 1863 tribuitur
353 1827 504 1871 cultus;
533 1826 668 1877 gratia,
689 1827 728 1863 in
749 1826 827 1877 qua
849 1825 1101 1864 amicitiarum
1128 1831 1165 1862 et
1189 1823 1271 1861 offi-

153 1879 299 1917 ciorum
333 1880 486 1918 alterius
519 1880 703 1918 memoria
734 1888 771 1918 et
804 1878 1071 1918 remunerandi
1098 1878 1272 1916 voluntas

154 1932 395 1979 continetur,
383 1947 394 1957 ·
429 1933 645 1979 vindicatio,
675 1946 741 1984 per
767 1946 885 1984 quam
911 1933 967 1971 vis
993 1941 1030 1970 et
1054 1931 1208 1980 injuria,
1236 1938 1273 1969 et

154 1986 312 2025 omnino
339 1999 452 2025 omne
479 1987 581 2038 quod
606 1987 831 2025 obfuturum
858 1994 926 2035 est,
951 1984 1187 2024 defendendo
1205 1991 1272 2022 aut

157 2040 372 2079 ulciscendo
393 2042 660 2092 propulsatum
691 2041 941 2088 observantia,
968 2052 1034 2091 per
1059 2051 1177 2090 quam
1203 2039 1270 2076 ho-

156 2094 278 2134 mines
310 2095 441 2147 aliqua
473 2094 656 2145 dignitate
683 2094 942 2134 antecedentes
969 2093 1074 2132 cultu
1102 2091 1271 2144 quodam
