1407 2308
257 44 334 84 DE
362 42 654 93 ORATORE,
684 43 782 83 Lm.
803 43 837 83 1.
868 43 972 82 CM».
994 44 1057 82 42.
1132 43 1207 87 167

108 152 241 204 gendae
260 150 441 204 vpotentiae
465 166 543 192 suae
569 153 694 201 causa,
722 151 935 204 pervulgari
961 158 1080 189 artem
1099 162 1206 188 suam

106 207 334 252 noluerunt;
355 206 503 255 deinde,
519 214 763 258 posteaquam
783 213 838 243 est
851 205 1009 253 editum,
1031 204 1208 255 expositis

106 272 130 297 a
154 259 225 298 Cn.
247 260 380 298 Flavio
397 261 566 311 primum
586 260 808 307 actionibus,
828 258 925 296 nulli
949 258 1117 305 fuerunt,
1138 258 1205 309 qui

101 312 170 350 illa
187 313 382 352 artificiose
399 314 543 364 digesta
561 314 767 364 generatim
787 319 1063 362 componerent.
1094 311 1206 348 Nihil

102 373 159 404 est
176 366 292 415 enim,
309 367 411 418 quod
429 367 478 405 ad
496 375 615 405 artem
630 367 747 417 redigi
766 366 894 417 possit,
914 365 986 403 nisi
1004 365 1067 402 ille
1084 365 1204 415 prius,

101 419 170 470 qui
188 419 255 457 ina
273 427 373 458 tenet
391 434 554 472 quorum
582 428 699 458 artem
726 420 919 457 instituere
944 419 1040 466 vult,
1067 418 1205 456 habeat

100 472 208 511 illam
223 474 430 522 scientiam,
451 482 494 512 ut
509 488 556 512 ex
570 474 615 512 iis
629 475 753 520 rebus,
774 486 936 524 quarum
955 485 1013 509 ars
1032 472 1204 509 nondum

100 526 162 572 sit,
191 534 311 565 artem
337 527 479 566 efficere
504 528 631 579 possit.
679 527 766 565 Hoc
792 526 912 573 video,
933 526 1026 563 dum
1044 525 1206 563 breviter

99 580 285 618 voluerim
304 580 449 629 dicere,
466 582 609 619 dictum
629 594 651 618 a
668 593 731 618 me
756 593 832 618 esse
851 580 964 630 paulo
983 579 1200 617 obscurius:

97 633 162 671 sed
181 634 365 684 experiar,
386 642 422 672 et
440 635 577 682 dicam,
598 635 629 672 si
647 641 790 685 potero,
811 633 973 684 planius.

150 686 290 724 XLII.
319 687 464 725 Omnia
487 688 578 734 fere,
607 701 692 738 quae
717 694 805 725 sunt
830 687 1004 724 conclusa
1021 698 1123 724 nunc
1142 698 1202 723 ar-

95 739 211 788 tibus,
232 741 396 791 dispersa
415 748 452 779 et
470 741 648 792 dissipata
666 740 859 792 quondam
878 740 1056 785 fuerunt3
1083 746 1140 788 ut,
1161 739 1201 777 in

94 794 261 842 musicis,
290 794 439 832 numeri
459 801 495 832 et
513 807 619 832 voces
639 802 675 832 et
692 793 821 838 modi,
811 807 820 816 ·
851 794 890 830 in
909 793 1128 842 geometria,
1154 793 1201 830 li-

94 855 307 895 neamenta,
335 847 481 895 formae,
510 847 719 893 intervalla,
746 859 820 884 ma‹
811 846 1051 897 gnitudines;
1081 847 1120 883 in
1140 860 1199 884 as-

93 901 268 951 trologia,
309 901 391 939 coeli
426 902 635 961 conversio,
664 907 782 948 ortus,
820 901 959 949 obitus,
996 907 1200 951 motusque

92 954 283 1000 siderum;
324 954 366 992 in
401 954 670 1015 grammaticis,
708 958 908 1005 poetarum
943 954 1196 1005 pertractatio,

90 1006 334 1045 historiarum
365 1007 543 1058 cognitio,
575 1010 776 1046 verborum
807 1007 1078 1073 interpretatio,
1111 1020 1199 1068 pro-

89 1061 292 1099 nuntiandi
306 1061 462 1112 quidam
477 1074 590 1100 sonus
604 1075 615 1107 3
636 1061 676 1099 in
694 1061 764 1099 hac
779 1061 966 1112 denique
956 1074 1039 1112 1psa
1052 1061 1197 1099 ratione

91 1113 253 1163 dicendi,
287 1115 511 1166 excogitare,
544 1128 690 1163 ornare,
724 1115 933 1166 disponere,
967 1114 1196 1163 meminisse,

89 1180 225 1218 agere3
254 1168 383 1219 ignota
407 1168 600 1219 quondam
627 1168 817 1217 omnibus,
838 1175 874 1206 et
893 1167 1030 1206 diffusa
1047 1169 1122 1206 late
1141 1168 1197 1205 vi-

89 1221 288 1260 debantur.
330 1222 520 1260 Adhibita
548 1229 602 1260 est
627 1222 743 1273 igitur
767 1235 826 1260 ars
853 1222 1028 1273 quaedam
1055 1221 1196 1260 extrin-

88 1287 194 1313 secus
212 1288 259 1313 ex
278 1275 353 1313 alio
377 1288 513 1326 genere
540 1276 721 1327 quodam,
749 1275 851 1326 quod
878 1276 948 1313 sibi
967 1282 1089 1313 totum
1109 1275 1196 1325 phi-

87 1328 234 1380 losophi
253 1336 465 1377 assumunt,
486 1343 571 1380 quae
590 1342 670 1366 rem
689 1329 910 1367 dissolutam
930 1328 1194 1379 divulsamque

89 1382 378 1433 conglutinaret,
407 1390 444 1420 et
461 1383 604 1420 ratione
623 1382 790 1433 quadam
809 1382 1087 1432 constringeret.
1136 1382 1194 1420 Sit

89 1447 178 1485 ergo
191 1435 232 1472 in
241 1436 328 1484 jure
346 1435 446 1473 civili
464 1436 550 1473 finis
567 1436 642 1484 hic,
659 1436 838 1486 legitimae
857 1442 970 1487 atque
988 1435 1135 1473 usitatae
1152 1435 1192 1472 in

87 1490 200 1526 rebus
236 1488 432 1540 causisque
467 1489 607 1527 civium
644 1489 909 1540 aequabilitatis
952 1489 1191 1527 conservatio.

87 1541 195 1579 Tum
221 1549 310 1580 sunt
327 1541 494 1580 notanda
516 1555 666 1593 genera,
687 1549 724 1580 et
745 1543 793 1580 ad
818 1549 962 1581 certum
988 1554 1193 1580 numerum

86 1595 391 1647 paucitatemque
408 1596 626 1634 revocanda.
657 1596 788 1634 Genus
807 1603 935 1634 autem
951 1602 1005 1634 est
1019 1595 1072 1643 id,
1089 1596 1191 1646 quod

84 1648 145 1686 sui
163 1649 303 1687 similes
328 1649 593 1688 communione
611 1649 792 1701 quadam,
820 1649 940 1701 specie
965 1656 1092 1687 autem
1118 1649 1192 1686 dif-

87 1701 261 1752 ferentes,
280 1702 375 1741 duas
392 1710 459 1740 aut
475 1703 603 1754 plures
618 1703 878 1764 complectitur
895 1710 1029 1754 partes.
1059 1702 1191 1740 Partes

87 1762 216 1794 autem
241 1762 343 1805 sunt,
364 1769 450 1808 quae
467 1757 694 1807 generibus
683 1757 742 1805 iis,
763 1769 810 1795 ex
829 1757 968 1808 quibus
997 1763 1188 1803 emanant,

86 1809 364 1858 subjiciuntu13
393 1810 610 1861 omniaque,
639 1823 725 1862 quae
743 1817 832 1848 sunt
849 1810 909 1848 vel
931 1822 1113 1870 generum
1131 1784 1192 1847 vel

86 1863 253 1913 partium
275 1863 443 1912 nomina,
463 1863 758 1912 definitionibus,
779 1877 896 1915 quam
914 1864 992 1902 vim
1011 1863 1188 1909 habeant,

87 1922 143 1953 eet
160 1915 462 1978 exprimendum.
503 1917 576 1955 Est
594 1917 695 1955 enim
713 1917 895 1965 definitio,
916 1929 1046 1954 earum
1064 1927 1190 1953 rerum

88 1979 174 2019 quae
198 1976 288 2008 sunt
312 1971 393 2019 ejus
417 1970 472 2008 rei
495 1971 657 2031 propriae
682 1983 799 2022 quam
818 1969 973 2009 definire
999 1969 1189 2016 volumus,

86 2021 210 2060 brevis
237 2030 275 2061 et
303 2023 582 2075 circumscripta
611 2024 785 2076 quaedam
816 2022 1026 2075 explicatio.
1075 2021 1192 2060 Hisce

87 2086 157 2125 ego
173 2077 285 2115 rebus
303 2077 480 2138 exempla
492 2077 752 2129 adjungerem,
768 2077 856 2125 nisi,
876 2076 980 2128 apud
998 2087 1092 2127 quos
1110 2075 1190 2113 haec

88 2128 287 2170 haberetur
304 2130 437 2181 oratio,
454 2143 671 2170 cernerem:
701 2143 802 2169 nunc
828 2130 1067 2182 complectar,
1087 2128 1189 2180 quod
