1407 2308
248 80 324 120 DE
344 80 636 129 ORATORE,
668 80 765 120 Lm.
783 79 817 119 I.
847 80 1029 120 Caram.
1115 83 1190 130 179

87 187 157 226 lios
175 200 260 227 suos
278 201 412 240 parvos
431 189 559 227 tutelae
577 188 710 240 populi
735 188 1047 239 commendasset,
1078 203 1121 229 ac
1153 203 1193 232 se

87 245 302 293 (tamquam
320 243 360 280 in
379 243 572 294 procinctu
587 249 853 280 testamentum
872 242 1007 280 faceret
1037 244 1118 283 sine
1145 246 1193 284 li.v

86 295 156 334 bra
174 303 288 348 atque
306 297 459 343 tabulis)
489 295 686 347 populum*
706 296 926 333 Romanum
952 303 1113 337 tutorem
1132 299 1192 337 in-

85 349 239 388 stituere
264 350 417 388 dixisset
435 350 587 388 illorum
606 349 768 387 orbitati.
810 349 946 401 Itaque
965 362 1053 388 cum
1077 360 1114 390 et
1131 352 1190 390 in-

86 402 188 440 vidia
206 411 244 441 et
261 403 346 441 odio
364 402 495 454 populi
515 410 596 440 tum
613 402 737 440 Galba
754 409 999 453 premeretur,
1019 404 1078 443 his
1097 419 1192 466 quo-

86 468 161 507 que
193 469 282 494 eum
311 457 498 517 tragoediis
530 457 731 493 liberatum
759 456 926 501 ferebat3
962 458 1064 518 quod
1095 457 1188 498 item

84 508 188 560 apud
208 510 391 548 Catonem
411 510 591 560 scriptum
611 522 686 547 esse
705 509 826 558 video,
847 509 919 546 nisi
937 511 1062 560 pueris
1081 519 1117 550 et
1135 513 1192 550 lan

85 563 223 613 crymis
241 576 331 601 usus
351 571 456 610 esset,
477 575 604 613 poenas
624 575 711 600 eum
737 563 915 600 daturum
934 562 1060 602 fuisse.
1091 565 1188 605 Haec

85 615 256 654 Rutilius
275 616 384 654 valde
403 616 662 666 vituperabat3
685 623 722 653 et
742 616 830 654 huic
849 616 1069 666 humilitati,
1091 619 1190 657 dice-

84 669 164 715 bat,
192 670 251 707 vel
269 670 445 707 exsilium
464 669 591 716 fuisse,
619 669 677 706 vel
696 675 856 707 mortem
875 672 1189 719 anteponendam.

86 721 226 773 Neque
244 735 330 760 vero
344 723 415 761 hoc
433 723 556 760 solum
575 722 685 769 dixit,
703 722 766 759 sed
780 722 859 772 ipse
879 728 915 759 et
934 723 1059 771 sensit,
1082 731 1118 762 et
1136 725 1191 763 fe-

85 775 158 812 cit:
180 787 284 824 nam,
305 788 392 814 cum
412 782 505 814 esset
523 775 588 812 ille
605 775 662 812 vir
681 775 914 825 exemplum,
934 782 978 813 ut
997 777 1109 825 scitis,
1130 779 1189 816 in-

85 830 290 874 nocentiae3
311 842 474 880 cumque
492 829 558 866 illo
576 840 687 866 nemo
701 840 824 878 neque
841 828 1020 877 integrior
1038 838 1132 868 esset
1150 832 1189 869 in

84 882 233 920 civitate
252 895 374 934 neque
393 882 566 929 sanctior,
595 893 671 919 non
689 881 803 918 modo
822 882 982 932 supplex
998 883 1190 931 judicibus

84 947 162 973 esse
179 935 315 984 noluit,
336 935 400 974 sed
418 948 466 973 ne
483 934 649 972 ornatius
675 933 829 995 quidem
848 941 914 972 aut
932 934 1086 974 liberius
1102 950 1190 975 cau-

83 1001 165 1026 sam
184 988 258 1027 dici
277 1001 399 1038 suam,
420 1001 537 1040 quam
557 987 717 1038 simplex
737 987 832 1025 ratio
850 987 1014 1026 veritatis
1032 989 1187 1029 ferebat.

85 1041 253 1080 Paulum
289 1042 379 1080 huic
410 1042 533 1080 Cottae
570 1041 703 1079 tribuit
733 1040 914 1091 partium,
948 1041 1190 1083 disertissimo

83 1095 321 1144 adolescenti,
342 1095 475 1134 sororis
493 1108 571 1133 suae
588 1095 678 1132 filio.
719 1093 832 1131 Dixit
849 1095 942 1132 item
968 1108 1121 1134 causam
1139 1098 1187 1135 11-

82 1149 161 1186 lam
181 1149 347 1200 quadam
367 1162 414 1187 ex
432 1156 538 1200 parte
567 1149 618 1195 Q.
646 1148 817 1196 Mucius,
843 1161 948 1186 more
973 1145 1054 1197 suo,
1081 1151 1189 1189 nullo

83 1209 282 1253 apparatu,
301 1215 396 1254 pure
414 1210 450 1240 et
464 1202 637 1240 dilucide.
667 1201 783 1249 Quod
803 1201 834 1238 si
852 1208 894 1238 tu
911 1208 1014 1250 tunc,
1039 1202 1186 1251 Crasse,

83 1255 252 1304 dixisses,
273 1256 341 1307 qui
359 1255 569 1294 subsidium
594 1255 744 1302 oratori,
765 1267 812 1292 ex
831 1255 905 1292 inis
924 1255 1186 1305 disputationi-

82 1309 155 1347 bus
173 1310 311 1361 quibus
329 1309 542 1360 philosophi
571 1315 745 1355 utuntur,
776 1307 824 1344 ad
852 1307 1000 1346 dicendi
1025 1310 1187 1359 copiam,

81 1363 289 1412 petendum
308 1375 385 1400 esse
398 1362 512 1413 paulo
531 1369 616 1399 ante
635 1362 809 1406 dicebas3
837 1367 886 1410 et,
908 1361 939 1399 si
958 1361 1027 1399 tibi
1051 1375 1120 1412 pro
1140 1363 1187 1401 P.

84 1415 246 1464 Rutilio,
275 1428 351 1454 non
369 1415 679 1466 philosophorum
697 1426 816 1461 more,
845 1414 909 1451 sed
927 1420 1007 1461 tuo,
1027 1415 1192 1454 licuisset

83 1468 232 1514 dicere3
254 1469 427 1520 quamvis
446 1468 611 1506 scelerati
629 1467 685 1504 illi
704 1466 874 1515 fuissent,
895 1467 1003 1505 sicuti
1018 1468 1189 1518 fuerunt,

83 1522 250 1572 pestiferi
279 1522 390 1570 cives,
424 1521 683 1572 supplicioque
714 1519 847 1581 digni3
881 1527 1008 1558 tamen
1036 1533 1190 1561 omnem

84 1587 215 1613 eorum
232 1575 557 1636 importunitatem
585 1585 632 1611 ex
656 1573 800 1611 intimis
828 1574 1018 1612 mentibus
1044 1576 1190 1613 evellis-

84 1636 139 1666 set
157 1629 212 1667 vis
229 1628 406 1667 orationis
424 1634 520 1666 tuae.
540 1640 641 1665 nunc
659 1627 744 1664 talis
763 1627 820 1664 vir
834 1626 993 1665 amissus
1012 1635 1079 1675 est,
1094 1628 1189 1666 dum

83 1694 196 1720 causa
223 1682 278 1720 ita
305 1681 456 1729 dicitur,
487 1688 531 1719 ut
549 1681 580 1719 si
598 1680 638 1718 in
656 1680 723 1718 illa
742 1680 1000 1718 commentitia
1019 1681 1190 1720 Platonis

83 1736 233 1774 civitate
260 1748 317 1774 res
347 1742 530 1786 ageretur.
573 1734 701 1772 Nemo
719 1733 919 1784 ingemuit,
939 1746 1052 1771 nemo
1070 1734 1188 1773 incla-

81 1790 202 1827 mavit
225 1796 485 1840 patronorum,
515 1787 612 1825 nihil
636 1787 814 1839 cuiquam
834 1786 969 1835 doluit,
995 1799 1107 1825 nemo
1135 1795 1191 1826 est

84 1850 252 1894 questus,
283 1854 395 1880 nemo
413 1841 686 1892 rempublicam
712 1839 942 1891 imploravit,
969 1852 1082 1878 nemo
1100 1854 1190 1891 sup-

84 1895 248 1946 plicavit.
279 1895 386 1943 Quid
403 1895 556 1933 multa?
584 1894 720 1945 pedem
747 1905 860 1931 nemo
886 1893 927 1930 in
954 1892 1021 1932 ino
1045 1893 1190 1942 judicio

85 1949 281 2000 supplosit,
302 1948 425 1997 credo,
444 1960 492 1986 ne
510 1947 644 1986 Stoicis
662 1946 951 1985 renuntiaretur.

139 2001 252 2040 LIV.
282 2001 459 2040 Imitatus
478 2008 533 2039 est
557 2001 673 2038 homo
701 2000 899 2038 Romanus
924 2005 962 2038 et
985 1999 1189 2039 consularis

86 2061 249 2092 veterem
273 2054 386 2093 illum
412 2056 616 2102 Socratem,
642 2054 724 2105 qui,
745 2065 832 2091 cum
851 2053 1024 2090 omnium
1043 2052 1189 2103 sapien-

86 2107 252 2146 tissimus
276 2114 384 2155 esset‚
411 2107 715 2158 sanctissimeque
734 2106 900 2152 vixisset,
921 2105 974 2143 ita
992 2105 1030 2142 in
1046 2105 1189 2154 judicio

28 2195 31 2204 ,
86 2160 217 2212 capitis
230 2173 298 2213 pro
312 2173 351 2200 se
364 2161 444 2213 ipse
462 2161 571 2210 dixit,
592 2168 635 2200 ut
648 2172 724 2200 non
744 2159 906 2211 supplex
925 2165 991 2197 aut
1005 2171 1103 2209 reus,
1123 2158 1199 2198 sed-
