1429 2344
183 68 262 106 340
319 67 397 108 DE
418 69 716 122 ORATORE,
747 73 846 112 Lm.
862 73 947 113 ΠΙ.
979 73 1083 112 CAP.
1100 72 1165 111 48.

181 175 297 226 pedes
332 176 373 214 in
398 178 584 231 principia
609 181 954 220 continuandorum
979 182 1181 220 verborum
1206 178 1295 217 satis

182 229 314 268 decore
334 231 485 270 cadunt.

236 284 426 322 Probatur
444 294 571 324 autem
589 289 636 325 ab
652 289 784 327 eodem
798 289 865 328 illo
880 289 1050 327 maxime
1067 300 1203 339 paeon3
1225 285 1293 338 qui

184 344 240 374 est
273 337 427 389 duplex.
476 340 582 378 Nam
613 350 680 380 aut
709 357 731 380 a
760 344 876 394 longa
905 343 1038 391 oritur,
1071 354 1189 393 quam
1221 347 1296 377 tres

183 391 313 429 breves
334 402 630 444 consequuntur,
651 404 695 434 ut
712 397 794 435 haec
812 399 939 445 verba,
960 398 1155 444 Desinite,
1183 394 1295 433 Inci-

176 445 273 494 pite,
309 448 560 496 Comprimite
572 464 586 496 ;
619 458 686 488 aut
711 464 734 488 a
757 451 935 489 brevibus
957 451 1132 501 deinceps
1157 449 1294 495 tribus,

184 500 356 537 extrema
374 502 572 551 producta,
594 512 708 555 atque
726 504 856 555 longa,
884 504 980 542 sicut
1002 505 1069 542 illa
1088 510 1189 550 sunt,
1209 503 1294 539 Do-

184 561 381 600 muerant,
416 558 629 605 Sonipedes,
671 558 806 609 Atque
836 558 893 595 illi
922 557 1148 609 philosopho
1180 555 1296 594 ordiri

184 607 308 657 placet
327 622 349 645 a
368 611 559 660 superiore
577 624 722 662 paeone,
749 612 952 662 posteriore
976 612 1096 649 finire.
1130 610 1203 648 Est
1228 623 1298 647 au-

186 667 265 698 tem
284 674 393 712 paeon
407 663 470 701 hic
488 666 682 714 posterior,
698 678 773 703 non
790 666 1023 716 syllabarum
1043 677 1216 712 numero,
1233 663 1298 701 sed

186 715 339 752 aurium
365 719 546 755 mensura
573 719 693 770 (quod
719 727 775 757 est
800 720 922 757 acrius
945 719 1135 768 judicium
1161 724 1198 755 et
1219 729 1299 755 cer-2

185 768 294 859 pus),
322 783 391 820 par
417 771 494 810 fere
513 773 662 823 cretico,
690 773 758 824 qui
776 780 844 812 ‘est
862 786 910 811 ex
927 773 1044 824 longa
1070 780 1107 810 et
1130 771 1236 810 brevi
1261 777 1299 809 et

202 834 326 873 onga:
357 831 402 861 ut

241 899 270 918 “
298 897 406 945 Quid
437 906 567 950 petam
599 900 778 952 praesidii,
818 907 884 939 aut
922 901 1139 952 exsequar?
1177 910 1302 951 quove

400 954 564 993 nunc?”

188 1052 212 1077 a
231 1052 308 1090 quo
333 1052 495 1079 numero
521 1055 676 1081 exorsus
696 1050 751 1081 est
769 1043 954 1092 Fannius,
985 1043 1014 1064 ‘⁶
1034 1042 1090 1090 Si,
1117 1040 1301 1089 Quirites,

187 1093 311 1132 minas
338 1094 483 1132 illius.''
525 1097 643 1134 Hunc
670 1097 735 1135 ille
762 1097 939 1135 clausulis
966 1096 1151 1147 aptiorem
1175 1101 1300 1146 putat,

189 1160 285 1197 quas
304 1149 387 1185 vult
406 1149 521 1200 longa
540 1151 768 1202 plerumque
788 1151 934 1202 syllaba
953 1149 1159 1188 terminari.

243 1201 450 1240 XLVIII.
481 1204 621 1254 Neque
640 1217 728 1242 vero
745 1204 827 1242 haec
845 1211 925 1241 tam
944 1216 1069 1241 acrem
1088 1215 1218 1240 curam
1243 1201 1303 1239 di-

189 1253 465 1307 ligentiamque
495 1257 723 1304 desiderant,
755 1271 873 1309 quam
899 1265 954 1295 est
979 1257 1047 1294 illa
1072 1260 1300 1307 poetarum3

188 1321 285 1358 quos
315 1311 513 1348 necessitas
543 1312 657 1361 cogit,
689 1319 726 1349 et
754 1312 827 1362 ipsi
855 1310 1008 1348 numeri
1033 1323 1075 1347 ac
1102 1309 1222 1357 modi,
1250 1309 1303 1347 sic

188 1364 304 1400 verba
323 1376 431 1401 versu
447 1364 654 1413 includere,
674 1372 718 1402 ut
733 1365 830 1403 nihil
844 1365 905 1413 sit,
926 1377 974 1402 ne
993 1364 1127 1415 spiritu
1146 1363 1302 1415 quidem

190 1415 367 1464 minimo,
388 1418 540 1456 brevius
559 1427 627 1457 aut
644 1419 796 1469 longius
815 1432 933 1470 quam
951 1431 1100 1456 necesse
1118 1424 1185 1455 est.
1233 1416 1302 1455 Li-

189 1469 315 1507 berior
329 1478 385 1508 est
403 1473 521 1510 oratio
536 1486 547 1517 ς
579 1480 616 1510 et
633 1474 760 1524 plane,
782 1481 826 1511 ut
844 1473 996 1521 dicitur,
1017 1472 1069 1510 sic
1087 1479 1125 1510 et
1143 1477 1198 1509 est
1215 1483 1302 1509 vere

188 1525 338 1569 soluta3
369 1537 445 1562 non
465 1535 508 1564 ut
526 1526 650 1577 fugiat
668 1534 812 1575 tamen,
832 1534 899 1564 aut
918 1533 1028 1575 erret,
1052 1525 1118 1564 sed
1141 1532 1200 1572 ut,
1221 1525 1302 1563 sine

189 1577 366 1624 vinculis,
383 1579 455 1616 sibi
468 1580 551 1630 ipsa
564 1581 794 1618 moderetur.
835 1581 1019 1631 Namque
1038 1592 1107 1630 ego
1124 1578 1222 1616 illud
1242 1592 1301 1616 as-

189 1632 330 1669 sentior
349 1632 628 1683 Theophrasto,
649 1635 717 1685 qui
735 1641 846 1685 putat
867 1634 1090 1681 orationem,
1110 1646 1197 1684 quae
1216 1633 1301 1684 qui-

188 1684 277 1721 dem
314 1685 361 1723 sit
385 1687 505 1736 polita
530 1695 645 1738 atque
669 1688 769 1725 facta
804 1687 1101 1739 quodammodo,
1130 1699 1207 1724 non
1232 1686 1300 1723 ad-

188 1739 328 1787 stricte,
351 1739 415 1776 sed
430 1740 635 1788 remissius,
656 1754 899 1780 numerosam
914 1754 992 1779 esse
1010 1747 1191 1791 oportere.
1226 1739 1298 1777 Et-

191 1792 309 1840 enim,
328 1792 424 1830 sicut
438 1793 502 1831 ille
517 1795 743 1845 suspicatur,
765 1808 811 1832 ex
831 1795 906 1832 illis
924 1794 1061 1842 modis,
1083 1793 1222 1845 quibus
1239 1793 1302 1831 hic

187 1846 350 1884 usitatus
377 1859 506 1885 versus
537 1848 710 1896 efficitur,
741 1856 826 1899 post
856 1855 1084 1898 anapaestus,
1113 1847 1302 1898 procerior

190 1900 349 1950 quidam
368 1913 563 1949 numerus,
592 1902 781 1947 effloruit3
810 1902 899 1939 inde
917 1902 981 1939 ille
999 1901 1171 1939 licentior
1190 1909 1226 1939 et
1244 1901 1303 1938 di-

190 1954 302 1991 vitior
324 1954 437 1991 fiuxit
461 1954 752 2006 dithyrambus3
784 1957 893 2005 cujus
911 1957 1086 1993 membra
1110 1962 1147 1992 et
1172 1955 1300 2005 pedes,

189 2014 234 2044 ut
259 2007 313 2045 ait
331 2008 448 2056 idem,
469 2017 557 2046 sunt
575 2009 615 2046 in
635 2010 741 2047 omni
758 2009 940 2060 locupleti
964 2009 1131 2047 oratione
1149 2008 1300 2046 diffusa.

190 2060 260 2108 Et,
281 2062 313 2100 si
331 2074 579 2100 numerosum
599 2070 655 2102 est
672 2063 712 2100 id
731 2063 771 2100 in
789 2063 968 2101 omnibus
983 2063 1084 2101 sonis
1102 2068 1218 2113 atque
1235 2075 1302 2100 vo-

189 2114 312 2163 cibus,
340 2116 444 2166 quod
468 2116 584 2155 habet
610 2117 796 2168 quasdam
823 2117 1102 2168 impressiones,
1132 2123 1170 2154 et
1197 2115 1301 2167 quod

189 2168 318 2207 metiri
343 2182 545 2220 possumus
563 2170 771 2210 intervallis
789 2171 1028 2222 aequalibus3
1057 2177 1156 2210 recte
1180 2181 1302 2221 genus
