1407 2308
273 86 349 127 DE
378 86 669 137 ORATORE,
700 86 796 127 Lm.
818 86 875 127 11.
904 86 1006 127 CAP.
1032 88 1090 126 12.
1147 89 1224 127 203

131 194 252 234 mines
277 207 407 246 parare
432 202 594 246 possent,
620 195 658 232 in
684 195 729 233 iis
754 196 863 233 rebus
881 208 919 234 se
936 195 1015 246 pati
1033 195 1130 233 vinci
1148 207 1223 233 non

130 261 236 300 posse
248 249 290 295 ;”
318 249 384 299 qui
414 248 584 286 laudabit
613 248 846 299 quempiam,
879 249 1075 299 intelliget,
1108 261 1223 299 expo-

129 302 253 340 nenda
270 302 341 340 sibi
359 315 436 340 esse
453 302 613 340 fortunae
630 303 740 339 bona.
783 302 843 339 Ea
860 308 961 350 sunt,
980 302 1138 352 generis,
1158 315 1223 352 pe-

127 355 262 403 cuniae,
274 356 597 416 propinquorum,
603 355 823 403 amicorum,
839 368 969 406 opum,
985 355 1223 403 valetudims,

127 407 272 456 formae,
299 409 450 457 virium,
473 408 628 459 ingenii,
655 415 947 468 caeterarumque
970 421 1111 457 rerum,
1138 422 1225 459 quae

127 469 217 500 sunt
240 468 306 499 aut
330 461 505 522 corporis,
535 469 601 499 aut
626 469 833 499 extraneae·
863 462 894 499 si
917 461 1103 510 habuerit,
1128 463 1224 500 bene

127 514 187 553 his
214 528 351 553 11511111·
382 515 413 553 si
441 527 516 553 non
544 515 730 563 habuerit,
763 514 947 565 sapienter
978 514 1161 552 caruisse:
1191 515 1223 552 si

125 568 305 616 amiserit,
332 568 521 606 moderate
551 568 689 605 tulisse.
738 567 899 615 Deinde,
927 568 1019 619 quid
1038 568 1223 619 sapienter

125 621 172 668 15,
201 634 316 672 quem
340 621 481 669 laudet,
502 621 593 672 quid
611 621 824 669 liberaliter,
845 621 936 672 quid
955 621 1110 669 fortiter,
1131 621 1224 672 quid

122 675 239 723 juste,
268 674 360 725 quid
388 675 600 724 magnifice,
631 674 723 725 quid
749 675 824 725 pie,
855 674 948 725 quid
979 681 1096 724 grate,
1130 674 1224 726 quid

126 728 355 776 humaniter,
384 727 477 778 quid
507 728 670 778 denique
701 740 789 765 cum
820 727 949 778 aliqua
979 727 1128 775 virtute,
1157 735 1224 765 aut

127 781 256 819 fecerit
279 788 346 819 aut
372 781 510 819 tulerit.
553 781 662 829 Haec,
689 788 725 818 et
751 793 836 832 quae
860 781 934 818 sint
957 781 1038 829 ejus
1063 781 1222 831 generis,

125 834 235 872 facile
259 834 412 882 videbit,
438 834 505 885 qui
529 834 628 872 volet
652 834 805 872 laudare
823 834 1065 884 quempiam3
1096 840 1132 871 et
1157 834 1224 885 qui

126 888 350 938 vituperare,
369 886 563 926 contraria.
592 886 671 925 Cur
688 887 804 937 igitur
821 887 984 935 dubitas,
1003 886 1128 937 inquit
1147 887 1222 925 Ca-

125 941 244 989 tulus,
271 940 391 979 facere
413 940 484 978 1103
508 940 662 978 tertium
688 952 821 1001 genus,
850 940 1031 990 quoniam
1058 940 1154 978 inest
1182 940 1221 977 in

125 994 268 1032 ratione
285 996 442 1032 rerum?
470 1006 546 1032 non
572 993 686 1041 3111111,
715 994 746 1031 51
770 1000 824 1031 est
847 993 1006 1041 facilius,
1027 1006 1070 1031 eo
1088 993 1134 1031 (13
1152 1005 1224 1031 1111-

126 1059 231 1086 111310
249 1060 400 1099 quoque
424 1054 479 1085 est
505 1046 793 1098 excerpendum.
835 1046 939 1094 Quia
956 1047 1057 1095 nolo,
1083 1045 1222 1097 inquit,

125 1101 267 1162 omnia,
295 1114 382 1162 quae
399 1100 537 1138 cadunt
555 1100 784 1152 aliquando
774 1112 814 1137 m
832 1107 1030 1149 oratorem,
1051 1100 1225 1151 quamvis

126 1154 266 1205 exigua
289 1155 377 1203 sint,
408 1166 452 1192 ea
479 1153 531 1192 sic
554 1160 724 1202 tractare,
755 1154 863 1204 quasi
891 1154 987 1191 nihil
1010 1153 1126 1204 possit
1150 1153 1224 1191 dici

126 1208 206 1246 sine
229 1207 422 1259 praeoeptis
447 1207 534 1246 suis.
575 1207 681 1245 Nam
709 1214 746 1244 et
771 1207 1027 1244 testimonium
1052 1219 1150 1257 saepe
1166 1206 1224 1243 di-

123 1261 288 1299 cendum
312 1268 380 1310 est,
406 1273 450 1299 ac
472 1272 748 1312 nonnunquam
777 1260 890 1298 etiam
934 1259 1154 1307 accuratius,
1180 1267 1225 1297 ut

126 1314 223 1352 mihi
246 1326 393 1353 necesse
409 1314 512 1352 fuit
501 1326 541 1351 m
567 1314 655 1352 Sex.
675 1313 840 1362 Titium,
868 1312 1084 1351 seditiosum
1103 1312 1223 1350 civem

125 1374 164 1405 et
176 1368 462 1406 turbulentum:
487 1366 711 1418 explicavi,
701 1379 741 1404 m
760 1379 803 1404 eo
821 1366 1033 1404 testimonio
1052 1365 1222 1413 dicendo,

127 1420 258 1458 omnia
285 1420 438 1459 consilia
465 1420 677 1458 consulatus
705 1419 794 1468 mei,
825 1419 963 1470 quibus
991 1418 1048 1456 illi
1072 1419 1224 1457 tribuno

127 1473 248 1524 plebis
265 1486 333 1524 pro
352 1473 544 1524 republica
561 1473 800 1519 restitissem;
829 1485 989 1524 quaeque
1007 1473 1055 1511 ab
1073 1485 1116 1510 eo
1134 1484 1222 1510 con-

128 1533 187 1564 tra
210 1527 484 1578 rempublicam
501 1526 600 1564 facta
616 1526 826 1574 arbitrarer,
853 1525 1020 1577 exposui.
1066 1524 1149 1562 Diu
1165 1538 1223 1563 re-

127 1585 253 1619 tentus
278 1593 388 1626 sum3
417 1579 540 1618 multa
566 1579 717 1624 audivi3
746 1579 869 1617 multa
885 1578 1070 1640 respondi„
1113 1578 1223 1616 Num

126 1632 243 1684 igitur
266 1633 402 1684 placet,
428 1645 515 1671 curn
538 1632 585 1671 de
609 1632 830 1683 eloquentia(
845 1632 1052 1684 praecipias,
1079 1631 1224 1683 aliquid

126 1687 241 1724 etiam
266 1686 313 1725 de
334 1685 553 1725 testimoniis
571 1685 748 1735 dicendis,
769 1687 876 1737 quasi
893 1686 934 1723 in
951 1693 1030 1724 arte
1047 1685 1222 1724 tradere?

127 1739 169 1778 N
172 1739 241 1777 11111
258 1752 359 1788 53113,
378 1739 504 1800 inquit
521 1739 694 1787 Catulus,
714 1751 860 1777 necesse
879 1746 944 1777 est.

179 1792 281 1831 XII.
309 1793 417 1840 Quid
441 1793 472 1831 si
501 1792 621 1844 (quod.
648 1805 746 1842 saepe
774 1792 932 1830 summis
960 1791 1048 1830 viris
1072 1790 1222 1836 accidit)

126 1845 306 1884 mandata
322 1846 398 1884 sint
423 1845 656 1897 exponenda,
682 1852 749 1883 aut
771 1846 811 1883 in
836 1852 967 1884 senatu
991 1846 1038 1882 ab
1062 1844 1224 1894 impera-

128 1905 222 1948 tore,
249 1906 316 1938 aut
339 1899 388 1936 ad
410 1898 673 1950 imperatorem
692 1906 758 1936 aut
782 1898 830 1936 ad
855 1911 981 1959 regem
1006 1904 1072 1935 aut
1090 1897 1138 1934 ad
1156 1909 1223 1946 po-

129 1953 266 2002 pulum
293 1952 459 2004 aliquem
487 1965 511 1989 a
538 1953 700 1990 senatu?
729 1964 837 2000 1111111,
867 1951 957 2003 quia
984 1962 1118 2001 genere
1141 1961 1224 1986 ora-

127 2004 239 2043 tionis
262 2005 303 2043 111
319 2005 538 2055 hujusmodi
563 2004 682 2043 3311515
699 2005 924 2043 accuratiore
947 2011 1003 2041 est
1022 2001 1222 2049 utendum,

128 2056 263 2096 idcirco
276 2071 362 2109 pars
371 2019 492 2096 Jetiam
509 2058 589 2097 haec
603 2071 801 2096 causarum
815 2055 1048 2095 numeranda
1062 2054 1222 2102 videtur,

128 2117 196 2148 aut
223 2111 382 2171 propriis
412 2112 605 2163 praeceptis
637 2110 884 2149 instruenda?
925 2109 1090 2146 Minime
1122 2120 1221 2155 vero,

128 2162 251 2214 inquit
275 2163 456 2202 Catulus:
486 2176 562 2202 non
588 2164 689 2202 enim
715 2163 831 2202 dee'rit
855 2162 999 2201 homini
1024 2161 1160 2200 diserto
1184 2160 1222 2197 in

125 2216 310 2265 ejusmodi
334 2218 444 2257 rebus
468 2217 639 2265 facultas,
668 2230 715 2255 ex
741 2216 880 2256 caeteris
905 2217 1016 2255 rebus
1044 2222 1080 2253 et
1105 2213 1224 2252 causis
