1429 2344
193 82 272 121 230
334 80 412 120 DE
441 79 738 130 ORATORE,
767 79 867 120 11113.
887 79 946 119 11.
977 79 1081 120 CAP.
1101 79 1166 119 36.

195 197 271 238 tus,
292 189 487 240 diligentia
502 195 580 228 est:
611 195 655 227 ut
678 188 738 226 his
755 189 868 228 rebus
891 189 1082 238 adhibeat,
1101 194 1303 239 tamquam

188 244 321 281 lumen
341 243 508 294 aliquod,
529 242 768 291 memoriam,
788 250 833 281 ut
851 256 996 291 vocem,
1016 251 1060 281 ut
1080 243 1177 281 vires
1199 241 1300 291 [haec

196 310 339 348 magna
354 298 475 348 sunt.]
508 296 614 334 Inter
625 296 823 347 ingenium
835 297 990 348 quidem
1003 304 1040 335 et
1051 296 1302 347 diligentiam,

197 352 470 402 perpaululum
492 351 564 388 loci
584 351 774 401 reliquum
794 358 848 388 est
866 351 948 388 arti.
976 351 1055 388 Ars
1073 350 1306 388 demonstrat

197 412 364 453 tantum,
378 405 445 442 ubi
461 417 620 455 quaeras,
634 412 748 455 atque
762 404 830 442 ubi
844 404 891 441 sit
908 404 1019 453 illud,
1036 403 1138 455 quod
1157 403 1308 442 studeas

197 459 392 503 invenire3
423 458 569 509 reliqua
607 465 695 496 sunt
730 458 771 495 in
802 458 906 507 cura,
940 458 1146 496 attentione
1175 456 1310 505 animi,

199 512 438 563 cogitatione,
460 512 671 563 vigilantia,
693 511 924 559 assiduitate,
944 512 1098 557 1abore3
1128 511 1314 562 complec-

203 573 262 604 tar
281 579 358 603 uno
383 568 512 613 verbo,
532 579 609 617 quo
629 579 727 616 saepe
742 567 823 615 jam
842 565 902 603 usi
921 578 1067 614 sumus,
1088 564 1311 615 diligentia3

201 620 281 671 qua
300 619 379 658 una
397 619 537 657 virtute
555 632 686 658 omnes
708 619 864 658 virtutes
889 619 1044 670 reliquae
1062 619 1314 657 continentur.

202 674 310 712 Nam
336 674 513 711 orationis
539 673 695 724 quidem
722 673 830 724 copia
853 673 1026 711 videmus
1051 679 1096 711 ut
1120 671 1316 710 abundent

202 727 433 779 philosophi,
455 727 536 778 qui,
556 733 601 765 ut
619 726 767 778 opinor,
789 726 871 770 (sed
888 734 932 764 tu
950 727 1044 774 haec,
1066 726 1216 773 Catule,
1236 737 1318 763 me-

205 782 298 828 lius)
311 782 419 818 nulla
432 781 524 818 dant
538 789 725 832 praecepta
736 779 885 818 dicendi
898 793 910 826 ς
940 792 1008 818 nec
1021 780 1159 818 idcirco
1169 779 1313 827 minus,

207 847 461 886 quaecumque
479 848 536 872 res
554 835 746 886 proposita
764 842 832 882 est,
853 834 1076 886 suscipiunt,
1093 834 1140 872 de
1157 833 1237 886 qu'a
1254 845 1317 872 co-

203 890 308 940 piose
327 897 364 926 et
382 888 619 926 abundanter
637 889 854 939 loquantur.

257 942 462 980 XXXVI.
489 942 597 979 Tum
614 941 789 989 Catulus,
802 942 888 990 Est,
901 940 1041 993 inquit,
1055 948 1100 980 ut
1110 940 1317 989 dicis,An-

205 996 299 1044 toni,
321 1006 365 1033 ut
390 996 563 1047 plerique
586 996 803 1046 philosophi
827 970 935 1033 nulla
955 995 1105 1034 tradant
1129 1001 1318 1046 praecepta

206 1049 369 1097 dicendi,
392 1058 428 1087 et
446 1049 612 1087 habeant
628 1056 806 1100 paratum
825 1055 967 1097 tamen,
988 1049 1082 1100 quid
1099 1049 1147 1087 de
1166 1048 1320 1100 quaque

209 1117 250 1142 re
281 1078 420 1141 dica’nt.
474 1103 549 1141 Sed
577 1103 801 1141 Aristoteles
827 1103 889 1151 (is,
916 1116 1032 1154 quem
1054 1102 1225 1140 maxime
1252 1114 1323 1153 ego

211 1157 394 1204 admiror)
414 1156 611 1218 proposuit
629 1157 814 1208 quosdam
835 1157 950 1204 locos,
972 1169 1019 1194 ex
1039 1156 1178 1208 quibus
1197 1155 1322 1194 omnis

210 1211 426 1261 argumenti
444 1211 518 1259 via,
532 1223 609 1248 non
627 1210 742 1248 modo
757 1210 805 1248 ad
819 1210 1132 1276 philosophorum
1151 1209 1322 1270 disputa-

211 1265 368 1313 tionem,
397 1264 463 1302 sed
488 1264 603 1302 etiam
629 1264 678 1301 ad
701 1263 813 1312 hanc,
841 1277 920 1315 qua
946 1264 987 1301 in
1015 1263 1136 1302 causis
1160 1263 1322 1312 utimur,

211 1318 468 1357 inveniretur:
500 1331 523 1355 a
537 1331 614 1369 quo
633 1317 789 1379 quidem
807 1317 963 1355 homine
977 1317 1223 1366 jamdudum,
1236 1316 1326 1354 An-

210 1373 306 1419 toni,
322 1385 400 1410 non
415 1373 563 1410 aberrat
581 1372 699 1410 oratio
718 1378 798 1420 tua,
817 1371 894 1410 sive
907 1378 950 1409 tu
962 1371 1209 1409 similitudine
1221 1370 1326 1408 illius

214 1426 335 1463 divini
353 1426 497 1476 ingenii
525 1426 566 1463 in
594 1426 726 1463 eadem
744 1425 903 1463 incurris
922 1425 1092 1476 vestigia,
1113 1425 1191 1463 sive
1209 1424 1325 1463 etiam

210 1480 278 1517 illa
296 1480 378 1530 ipsa
407 1480 532 1530 legisti
551 1486 666 1531 atque
684 1479 871 1525 didicisti3
902 1479 1006 1530 quod
1024 1478 1181 1530 quidem
1204 1477 1328 1529 magis

215 1533 419 1571 verisimile
433 1534 592 1572 videtur.
623 1533 717 1571 Plus
730 1533 833 1571 enim
844 1540 881 1571 te
893 1546 1016 1584 operae
1028 1533 1170 1571 Graecis
1181 1532 1328 1570 dedisse

217 1589 332 1625 rebus
345 1588 466 1635 video,
481 1601 599 1638 quam
613 1587 850 1638 putaramus.
879 1587 988 1624 Tum
998 1587 1077 1635 ille,
1093 1586 1256 1634 Verum,
1269 1585 1329 1622 in-

215 1641 315 1691 quit,
337 1653 384 1678 ex
403 1654 466 1678 me
485 1641 628 1689 audies,
650 1640 811 1679 Catule.
842 1653 991 1691 semper
1010 1653 1080 1694 ego
1098 1638 1326 1688 existimavi,

211 1694 480 1743 jucundiorem
499 1702 536 1732 et
553 1695 847 1755 probabiliorem
864 1694 956 1732 huic
977 1692 1120 1745 populo
1142 1699 1330 1731 oratorem

213 1748 308 1795 fore,
329 1747 410 1799 qui,
431 1747 616 1798 primum,
637 1761 756 1799 quam
774 1747 978 1785 minimam
991 1746 1138 1786 artificii
1152 1744 1328 1795 alicujus,

215 1801 353 1839 deinde
371 1802 521 1838 nullam
534 1802 753 1839 Graecarum
770 1814 913 1862 rerum,
935 1800 1248 1852 significationem
1262 1799 1330 1837 da-

215 1861 284 1893 ret.
313 1859 447 1906 Atque
473 1868 542 1905 ego
567 1855 670 1892 idem
697 1855 923 1903 existimavi,
950 1854 1105 1906 pecudis
1132 1867 1224 1902 esse,
1251 1864 1330 1891 non

216 1908 397 1956 hominis,
419 1921 508 1946 cum
526 1916 650 1947 tantas
675 1921 732 1946 res
752 1908 876 1947 Graeci
903 1908 1147 1960 susciperent,
1173 1906 1329 1959 profite-

216 1969 362 2010 rentur,
382 1969 550 2012 agerent,
572 1975 725 2014 seseque
745 1969 782 2000 et
799 1962 952 2000 videndi
965 1975 1022 2000 res
1033 1961 1329 2007 obscurissimas,

216 2023 255 2053 et
272 2017 370 2054 bene
387 2016 552 2063 vivendi,
569 2023 606 2054 et
624 2016 771 2067 copiose
795 2016 946 2054 dicendi
963 2016 1148 2054 rationem
1165 2013 1332 2052 homini-

216 2070 289 2107 bus
308 2070 461 2108 daturos
479 2045 761 2121 pollicerentur,
782 2083 861 2108 non
885 2069 1087 2108 admovere
1110 2080 1257 2116 aurem,
1277 2072 1330 2114 et,
1380 2076 1384 2085 “

216 2123 248 2160 si
266 2123 397 2173 palam
413 2124 545 2162 audire
570 2136 632 2162 eos
650 2136 728 2161 non
751 2123 924 2171 auderes,
945 2136 994 2161 ne
1011 2123 1202 2161 minueres
1225 2119 1332 2172 apud

214 2182 301 2216 tuos
320 2177 418 2217 cives
435 2177 698 2217 auctoritatem
715 2184 838 2229 tuam,
860 2176 1184 2217 subauscultando
1203 2180 1333 2214 tamen
