1407 2324
192 52 268 93 DE
288 53 583 110 ORATORE,
613 54 714 93 L113.
734 53 818 94 ΙΙΙ.
847 53 952 93 CAP.
973 53 1038 91 43.
1093 51 1174 89 335

72 159 170 198 fiunt
188 173 245 209 ea,
265 175 352 213 quae
365 161 544 200 dicuntur
559 161 772 213 aenigmata.
801 161 894 200 Non
913 167 969 199 est
986 165 1114 198 autem
1133 157 1174 196 in

72 215 184 252 verbo
198 215 333 254 modus
351 216 427 264 hic,
447 215 513 254 sed
530 215 570 252 in
589 216 770 264 oratione,
785 216 825 253 id
839 223 908 263 est,
923 215 963 252 in
979 212 1177 252 continua-

72 267 174 305 tione
192 270 405 307 verborum.
435 269 499 307 Ne
517 269 584 306 illa
601 269 756 320 quidem
772 269 956 306 traductio
975 275 1088 318 atque
1101 266 1178 302 irn-

73 321 233 381 niutatio
250 322 290 359 in
311 325 423 361 verbo
442 323 651 374 quamdam
668 323 953 361 fabricationem
967 321 1095 368 habet,
1111 317 1176 357 sed

71 386 112 411 m
131 375 323 414 oratione:

125 449 153 469 “
167 448 302 487 Africa
320 449 477 488 terribili
495 449 625 488 tremit
642 450 794 488 horrida
812 457 910 488 terra
927 448 1143 488 tumultu.''

71 534 148 574 Pro
163 536 293 587 Asi-is,
307 545 362 575 est
379 545 505 575 sumta
522 537 665 589 Africa
682 551 691 574 ε
715 549 839 588 neque
857 537 1000 575 factum
1018 538 1178 574 verbum

71 596 139 637 est,
156 598 213 637 ut,
236 593 264 612 “
284 592 395 628 filare
408 590 616 641 saoefiagis
629 593 749 629 undis
761 606 775 638 ,-
796 603 919 641 neque
934 591 1174 637 translatum,

68 650 125 689 ut,
148 646 176 665 “
193 645 372 683 Mollitur
390 658 497 683 mare
505 646 548 690 ;‘'
569 645 646 691 sed,
663 644 822 682 ornandi
837 644 962 690 causa,
977 643 1176 694 proprium

69 697 221 747 proprio
248 706 551 736 commutatum:
583 701 611 720 “
633 700 792 745 Desine,
820 700 961 744 Roma,
987 704 1072 734 tuos
1094 699 1178 734 llos-

69 751 229 788 tes”....
253 760 303 800 et,
319 755 346 774 “
367 755 492 790 Teates
510 760 600 790 sunt
616 755 747 802 campi
764 752 947 800 magni.''
968 750 1103 788 Gravis
1122 757 1179 788 est

69 804 206 842 modus
219 805 259 842 in
277 815 411 844 ornatu
431 807 608 844 orationis
624 814 659 844 et
674 819 771 857 saepe
786 804 1016 843 sumendus:
1039 817 1085 842 ex
1101 817 1179 855 quo

69 870 205 907 genere
222 859 303 897 haec
317 868 418 907 sunt,
434 861 605 897 Martem
619 861 706 898 belli
723 873 797 898 esse
815 871 1053 897 communem
1067 873 1081 903 ‚·
1107 861 1176 896 Ce-

69 924 194 949 rerem
223 925 291 962 pro
319 913 520 964 frugibus;
550 915 737 952 Liberum
764 913 954 964 appellare
972 925 1041 963 pro
1059 911 1174 958 vin03

69 966 306 1014 Neptunum
324 979 393 1017 pro
412 968 533 1013 mari;
555 970 706 1006 curiam
724 980 793 1019 pro
814 974 971 1012 senatu;
993 978 1177 1015 campum

68 1031 138 1069 pro
167 1019 352 1063 comitiis;
382 1027 508 1070 togam
537 1035 607 1073 pro
636 1034 753 1073 pace3
782 1032 896 1058 arma
928 1032 972 1057 ac
999 1021 1076 1057 tela
1106 1032 1177 1070 pro

68 1072 192 1110 bello:
223 1085 300 1124 quo
323 1074 416 1112 item
444 1075 484 1112 in
510 1088 645 1125 genere
671 1082 708 1113 et
732 1074 888 1112 virtutes
914 1080 950 1110 et
975 1073 1079 1121 vitia,
1107 1085 1179 1124 pro

67 1126 157 1176 ipsis
172 1126 212 1164 in
227 1127 366 1177 quibus
379 1128 447 1165 ina
460 1137 562 1176 sunt,
575 1129 833 1180 appellantur:
850 1128 1046 1166 Luxuries
1058 1139 1178 1178 quam

68 1178 108 1216 in
127 1179 286 1218 domum
304 1180 454 1232 irrupit,
480 1190 530 1230 et,
551 1182 642 1230 Quo
661 1183 825 1220 avaricia
845 1181 1078 1232 penetravit:
1109 1187 1177 1218 aut

67 1234 110 1271 F
110 1234 186 1271 ides
204 1234 336 1282 valuit,
356 1237 519 1274 Justitia
539 1236 710 1274 confecit.
758 1235 907 1274 Videtis
926 1234 1092 1285 profecto
1111 1247 1178 1284 ge-

67 1298 140 1324 nus
158 1287 229 1325 hoc
247 1294 385 1336 totum,
407 1301 495 1327 cum
513 1290 653 1327 inflexo
667 1296 976 1338 commutatoque
991 1289 1104 1325 verbo
1119 1299 1178 1325 res

72 1339 203 1378 eadem
233 1342 451 1379 enuntiatur
480 1343 672 1380 ornatius:
704 1342 765 1380 cui
797 1349 886 1380 sunt
918 1341 1081 1378 finitima
1112 1340 1180 1378 illa

69 1393 197 1431 minus
222 1401 367 1442 ornata,
389 1395 454 1432 sed
473 1403 600 1433 tamen
619 1408 695 1433 non
713 1394 936 1445 ignoranda,
958 1407 1046 1432 cum
1064 1393 1179 1431 intel-

67 1447 136 1497 ligi
167 1447 342 1485 volumus
371 1448 531 1499 aliquid,
561 1456 628 1486 aut
653 1462 700 1487 ex
725 1456 831 1500 parte
858 1455 996 1495 totum,
1023 1454 1080 1496 ut,
1107 1459 1177 1498 pro

69 1500 247 1548 aed'rficiis,
276 1514 364 1538 curn
387 1503 555 1550 parietes
587 1510 654 1540 aut
684 1509 783 1540 tecta
818 1501 1003 1540 dicimus:
1034 1507 1101 1538 aut
1129 1512 1178 1538 ex

64 1560 143 1591 toto
161 1561 322 1604 partem,
342 1562 399 1601 ut,
421 1568 509 1593 cum
528 1568 647 1593 unam
672 1564 841 1593 turmam
863 1557 1087 1605 equitatum
1098 1567 1174 1604 po-

60 1608 153 1656 puli
171 1609 348 1646 Romam·
365 1609 552 1647 dicimus:
583 1617 650 1647 aut
668 1623 715 1648 ex
733 1622 811 1648 uno
829 1609 972 1660 plures,

121 1683 150 1704 ‘⁶
167 1682 227 1720 At
246 1683 445 1722 Romanus
463 1684 593 1733 homo,
621 1692 750 1723 tamen
776 1684 845 1722 etsi
870 1696 929 1722 res
953 1684 1051 1722 bene
1073 1688 1179 1733 gesta

282 1743 338 1774 est

120 1788 243 1827 Corde
261 1802 329 1828 suo
339 1765 512 1842 'trepidat
526 1791 567 1829 :'’

65 1882 133 1913 aut
150 1888 239 1913 cum
258 1889 305 1914 ex
322 1877 498 1928 pluribus
515 1877 742 1930 intelligitur
758 1890 897 1926 unum,

120 1949 148 1970 “
165 1948 249 1987 Nos
267 1951 394 1988 sumu‘
414 1951 597 2001 Romani,
618 1952 686 2004 qui
703 1951 848 1990 fuimus
867 1956 954 1989 ante
970 1947 1119 1988 Rudini
1132 1947 1179 1994 ;”

62 2042 130 2073 aut
153 2049 396 2090 quocumque
419 2041 549 2088 modo,
575 2053 652 2079 non
671 2048 716 2079 ut
734 2041 881 2080 dictum
899 2046 968 2088 est,
988 2038 1030 2076 in
1048 2050 1093 2076 eo
1112 2049 1179 2088 ge-

60 2100 149 2127 nere
166 2090 406 2143 intelligitur,
427 2094 492 2133 sed
509 2101 554 2132 ut
573 2107 728 2133 sensum
748 2101 816 2133 est.

116 2141 278 2184 XLIIL
297 2145 513 2187 Abutimur
526 2160 626 2200 saepe
643 2148 759 2188 etiam
778 2149 894 2205 vei-bo¹
910 2158 987 2187 non
1006 2151 1086 2186 tam
1101 2144 1178 2185 ele-
