1429 2344
185 64 264 104 330
310 61 388 102 DE
416 58 713 111 ORATORE,
742 59 842 99 Lm.
864 60 947 99 ΙΙΙ.
977 50 1167 98 ΟΑΡ.’38ζ

191 183 270 210 non
294 178 339 209 ut
363 170 601 222 desperarem
625 181 688 207 me
707 168 964 221 eloquentiam
982 167 1162 220 consequi
1178 171 1302 219 posse,

193 225 259 264 sed
277 232 322 262 ut
341 223 487 275 aliquid
505 223 747 261 addiscerem.

191 306 193 308 -
247 277 476 317 XXXVII.
517 277 625 314 Tum
645 276 815 324 Crassus,
837 276 1085 327 Pei-vulgatas
1101 288 1159 314 res
1178 274 1305 326 requi-

195 332 260 379 ris,
281 331 460 383 inquit,et
478 330 549 368 tibi
567 343 643 368 non
661 330 884 381 incognitas,
905 330 1062 381 Sulpici.
1091 329 1190 377 Quis
1205 328 1308 367 enim

196 387 245 424 de
262 386 334 424 isto
353 398 489 436 genere
512 397 589 422 non
615 384 755 431 docuit,
782 397 859 421 non
884 384 1061 431 instituit,
1091 396 1167 421 non
1193 382 1309 420 etiam

198 440 383 491 scriptum
405 438 592 489 reliquit?
621 438 697 476 Sed
723 450 853 488 geram
879 450 1052 483 morem;
1082 444 1120 475 et
1141 450 1184 475 ea
1211 435 1310 474 dun-

199 501 321 541 taxat,
342 507 428 544 quae
446 492 544 530 mihi
564 499 654 529 nota
677 499 779 538 sunt,
807 491 970 529 breviter
997 504 1186 542 exponam
1214 490 1311 534 tibi;

201 549 360 587 censebo
371 554 514 591 tamen,
531 546 580 583 ad
594 558 670 593 eos,
687 546 755 597 qui
774 552 942 583 auctores
955 552 991 583 et
1002 545 1213 583 inventores
1225 550 1315 581 sunt

201 602 342 640 harum
361 613 450 638 sane
460 600 697 637 minutarum
711 612 854 645 rerum,
870 598 1146 637 revertendum.
1176 597 1316 636 Omnis

203 656 322 707 igitur
349 655 467 693 oratio
492 654 687 691 conficitur
713 666 759 691 ex
783 653 933 698 verbis;
964 665 1128 703 quorum
1146 651 1317 702 primum

203 710 315 748 nobis
333 708 428 747 ratio
447 707 667 758 simpliciter
680 707 842 744 videnda
857 713 926 752 est,
942 706 1077 744 deinde
1091 706 1315 754 conjuncte:

205 777 298 802 nam
326 771 382 801 est
408 762 566 813 quidam
594 768 748 799 ornatus
776 760 966 807 orationis,
991 760 1059 811 qui
1086 772 1134 797 ex
1160 759 1320 809 singulis

208 817 332 856 verbis
362 823 441 861 θεῖς
471 815 582 862 alius,
612 815 680 866 qui
706 828 753 852 ex
780 814 1006 852 continuatis
1034 813 1322 864 conjunctisque

208 878 367 910 constat.
395 870 502 920 Ergo
521 877 674 907 utemur
692 869 814 906 verbis
829 876 896 905 aut
909 868 954 905 iis
969 881 1056 919 quae
1069 867 1222 918 propria
1233 873 1323 905 sunt

211 932 249 963 et
267 932 368 963 certa
386 923 494 975 quasi
513 923 696 961 vocabula
715 935 856 968 rerum,
879 935 988 973 paene
1012 923 1092 959 una
1118 928 1209 959 nata
1233 932 1322 958 cum

210 981 325 1017 rebus
342 978 433 1029 ipsis
447 991 457 1022 3
480 984 546 1014 aut
559 977 606 1014 iis
621 990 708 1028 quae
722 976 1012 1021 transferuntur,
1027 983 1064 1013 et
1079 975 1186 1027 quasi
1201 974 1324 1012 alieno

210 1033 253 1071 in
271 1033 354 1070 loco
373 1032 627 1075 collocantur-3
659 1037 725 1067 aut
743 1029 788 1067 iis
807 1043 894 1080 quae
912 1042 1097 1067 novamus
1116 1036 1152 1066 et
1164 1028 1326 1066 facimus

213 1087 300 1138 ipsi.
331 1086 379 1124 In
397 1084 558 1136 propriis
578 1092 633 1121 est
652 1083 768 1134 igitur
786 1084 908 1121 verbis
922 1083 989 1120 illa
1000 1084 1084 1120 laus
1099 1082 1268 1127 oratoris,
1282 1089 1327 1119 ut

216 1142 364 1190 abjecta
388 1147 502 1190 atque
521 1139 688 1176 obsoleta
705 1137 841 1187 fugiat,
861 1137 967 1174 lectis
986 1144 1100 1188 atque
1117 1136 1328 1174 illustribus

216 1202 362 1240 utatur,
382 1193 423 1230 in
443 1192 582 1243 quibus
600 1192 759 1242 plenum
778 1190 963 1242 quiddam
988 1200 1025 1228 et
1053 1202 1190 1228 sonans
1209 1190 1330 1228 inesse

218 1248 403 1286 videatur.
433 1246 522 1291 Sed,
542 1245 582 1282 in
601 1246 672 1283 hoc
690 1246 893 1282 verborum
911 1257 1047 1295 genere
1071 1244 1328 1295 propriorum,

218 1302 387 1340 delectus
405 1307 460 1338 est
478 1299 636 1351 quidam
653 1298 865 1346 habendus,
886 1306 1000 1349 atque
1018 1298 1049 1335 is
1068 1297 1219 1335 aurium
1239 1311 1334 1348 quo-

222 1356 313 1394 dam
329 1354 472 1404 judicio
490 1352 756 1404 ponderandus
773 1366 784 1397 3
814 1353 855 1389 in
874 1365 950 1403 quo
969 1351 1200 1390 consuetudo
1219 1352 1333 1389 etiam

222 1412 322 1448 bene
348 1407 531 1459 loquendi
559 1407 659 1445 valet
687 1406 912 1457 plurimum.
951 1406 1084 1443 Etiam
1113 1406 1198 1453 hoc,
1232 1405 1336 1456 quod

225 1464 342 1514 vulgo
369 1462 417 1500 de
435 1460 644 1500 oratoribus
663 1462 710 1498 ab
729 1460 914 1511 imperitis
933 1459 1006 1497 dici
1025 1460 1131 1507 solet,
1167 1463 1196 1482 ‘⁶
1216 1459 1336 1497 Bonis

224 1518 258 1555 is
276 1516 442 1562 verbis,''
463 1523 543 1560 aut,
565 1518 592 1537 “
609 1514 746 1565 aliquis
764 1527 842 1552 non
859 1513 968 1551 bonis
986 1513 1149 1559 utitur,’'
1162 1525 1239 1551 non
1258 1520 1338 1551 arte

224 1571 356 1621 aliqua
373 1569 633 1620 perpenditur,
653 1568 718 1606 sed
732 1568 899 1619 quodam
918 1567 1026 1618 quasi
1045 1568 1209 1605 naturali
1227 1579 1337 1605 sensu

224 1625 442 1675 judicaturi
471 1622 512 1659 in
535 1635 611 1674 quo
637 1635 714 1660 non
732 1635 874 1672 magna
891 1622 975 1659 laus
993 1628 1049 1659 est
1067 1621 1183 1659 vitare
1202 1621 1339 1661 vitium

229 1683 486 1730 (quamquam
505 1677 545 1714 id
563 1683 618 1714 est
635 1684 838 1726 magnum)
855 1689 867 1721 3
898 1688 1031 1714 verum
1049 1675 1121 1713 hoc
1146 1675 1254 1725 quasi
1281 1687 1341 1712 so-

230 1733 317 1771 lum
346 1730 539 1782 quoddam
568 1738 682 1780 atque
710 1729 1007 1767 fundamentum
1037 1736 1106 1775 est,
1140 1730 1342 1766 verborum

233 1799 326 1824 usus
345 1792 382 1823 et
408 1784 515 1834 copia
533 1785 732 1821 bonorum.
765 1783 853 1831 Sed,
874 1782 968 1833 quid
985 1782 1065 1833 ipse
1084 1781 1241 1820 aedificet
1260 1795 1343 1820 ora·

235 1848 308 1886 tor,
329 1847 366 1877 et
383 1838 424 1877 in
443 1850 519 1888 quo
538 1836 721 1887 adjungat
740 1844 874 1882 artem,
894 1836 934 1873 id
959 1849 1037 1874 esse
1059 1849 1082 1873 a
1105 1836 1214 1873 nobis
1239 1849 1344 1887 quae-

235 1893 400 1932 rendum
418 1899 531 1942 atque
551 1890 820 1941 explicandum
841 1889 998 1927 videtur.

291 1944 542 1986 XXXVIII.
582 1944 678 1982 Tria
703 1951 792 1982 sunt
817 1943 934 1993 igitur
959 1943 1000 1980 in
1028 1944 1142 1981 verbo
1171 1942 1349 1994 simplici,

239 2014 326 2053 quae
343 2008 468 2038 orator
485 1998 616 2036 afferat
627 1998 675 2035 ad
687 1998 951 2035 illustrandam
963 2005 1077 2048 atque
1088 1997 1347 2036 exornandam

238 2054 475 2098 orationen13
505 2059 572 2090 aut
600 2052 825 2089 inusitatum
852 2053 1026 2097 verbum,
1055 2058 1123 2088 aut
1148 2058 1346 2097 novatum,

239 2115 307 2146 aut
324 2107 561 2145 translatum.
593 2106 781 2143 Inusitata
795 2112 883 2142 sunt
896 2105 1018 2155 prisca
1036 2104 1113 2142 fere
1131 2117 1175 2142 ac
1186 2111 1346 2149 vetusta,

239 2171 278 2202 et
294 2163 343 2201 ab
361 2174 432 2200 usu
447 2159 659 2214 quotidiani
672 2159 852 2199 sem1onis
861 2159 1011 2209 jamdiu
1022 2158 1351 2210 intermissffi'quae
