1407 2324
235 63 314 104 DE
342 62 765 114 ORATORE,L1B.
786 62 869 103 111.
900 61 1004 102 cn.
1021 64 1059 103 9.
1129 63 1208 101 299

102 171 269 210 multum
291 183 426 222 genere
450 171 660 217 distamus3
695 170 799 223 quod
824 170 937 223 quale
963 170 1024 218 sit,
1051 181 1129 207 non
1156 174 1212 207 est

103 237 233 263 meum
261 224 396 273 dicere,
427 232 622 276 propterea
646 225 750 276 quod
773 224 933 264 minime
960 223 1032 263 sibi
1052 223 1213 283 quisque

102 285 215 316 notus
242 286 310 326 est,
341 286 378 317 et
406 278 626 316 difficillime
652 279 699 316 de
725 291 763 316 se
789 279 949 330 quisque
975 277 1110 316 sentit:
1145 275 1211 313 sed

104 337 231 368 tamen
250 331 516 370 dissimilitudo
534 331 694 382 intelligi
712 338 848 382 potest,
869 339 906 369 et
924 344 971 369 ex
989 332 1113 368 11101115
1134 327 1212 366 mei

104 384 373 445 mediocritate,
389 391 425 422 et
440 398 487 423 ex
504 397 560 431 eo,
577 385 693 436 quod,
711 384 849 436 quibus
867 384 1028 435 vestigiis
1046 382 1215 434 primum

104 436 238 485 institi,
264 438 305 475 in
331 438 376 476 iis
401 437 479 476 fere
504 439 603 476 soleo
629 451 813 489 perorare,
840 444 877 476 et
899 437 1001 488 quod
1020 437 1214 487 aliquanto

106 501 168 528 me
186 491 308 539 major
325 491 366 528 in
384 491 505 529 verbis
525 504 641 542 quam
655 491 695 528 in
710 491 901 529 sententiis
915 490 1094 541 eligendis
1107 489 1215 525 labor

105 551 143 580 et
175 555 265 582 cura
293 551 456 605 torquet,
487 552 691 593 verentem,
722 557 783 592 ne,
815 544 847 582 si
875 545 988 595 paulo
1015 540 1215 581 obsoletior

105 596 219 634 fuerit
232 598 364 647 oratio,
381 609 456 635 non
472 598 588 648 digna
602 597 876 648 exspectatione
895 604 931 635 et
945 596 1091 635 silentio
1104 593 1220 632 fuisse

104 649 286 687 videatur.

158 703 275 749 Quod
293 702 324 740 si
342 702 382 740 in
402 702 524 750 nobis,
545 702 612 754 qui
631 701 825 751 adsumus,
844 709 960 740 tantae
979 700 1214 740 dissimilitu-

104 754 225 802 dines,
246 763 325 793 tam
345 763 453 794 certae
471 769 528 794 res
553 757 738 807 cujusque
762 756 935 807 propriae,
963 763 1000 793 et
1025 755 1065 792 in
1089 754 1133 792 03
1151 766 1216 791 va-

105 808 250 857 rietate,
271 809 347 847 fere
364 810 500 847 melius
518 822 542 847 a
559 809 752 857 deteriore,
771 809 949 847 facultate
961 808 1083 858 magis
1097 820 1215 858 quam

104 874 253 911 genere,
280 862 536 913 distinguitur,
564 869 677 913 atque
701 875 814 901 omne
834 862 1025 909 laudatur,
1049 861 1152 912 quod
1173 860 1215 897 in

105 928 173 952 suo
200 928 334 965 genere
358 915 567 967 perfectum
589 923 669 961 est3
703 916 796 967 quid
820 915 988 963 censetis,
1014 914 1045 952 si
1068 926 1213 960 omnes,

105 968 172 1018 qui
191 968 332 1019 ubique
356 976 445 1007 sunt
468 976 535 1007 aut
557 968 726 1018 fuerunt,
753 974 916 1007 oratores
945 967 1122 1018 amplecti
1149 979 1215 1006 vo-

103 1020 318 1060 luerimus?
356 1034 483 1060 nonne
512 1022 605 1070 fore,
639 1029 696 1070 ut,
730 1029 824 1073 quot
853 1029 1029 1069 oratores,
1059 1020 1217 1058 totidem

104 1087 212 1124 paene
231 1074 463 1125 reperiantur
481 1087 618 1126 genera
635 1075 783 1113 dicendi
796 1078 814 1114 t>
852 1074 918 1113 Ex
941 1075 1019 1126 qui»⁴
1035 1074 1124 1112 mea
1141 1073 1218 1111 dis-

105 1127 301 1188 putatione
318 1128 474 1167 forsitan
493 1135 662 1167 occurrat
678 1129 789 1177 illud,
813 1128 844 1166 si
868 1140 976 1179 paene
999 1128 1219 1165 innumera·-

105 1181 200 1218 biles
225 1181 300 1219 sint
321 1182 429 1232 quasi
447 1182 579 1220 formae
596 1182 803 1234 figuraeque
821 1182 983 1229 dicendi,
1004 1181 1124 1232 specie
1142 1180 1217 1218 dis-

105 1246 227 1284 pares,
247 1247 382 1285 genere
400 1235 633 1281 laudabiles,
661 1248 738 1274 non
756 1248 864 1287 posse
882 1248 939 1295 ea,
959 1248 1045 1286 quae
1062 1234 1160 1271 inter
1179 1245 1218 1271 se

105 1287 330 1347 discrepant,
362 1288 496 1326 iisdem
525 1289 733 1340 praeceptis,
761 1296 875 1340 atque
899 1288 939 1325 in
964 1287 1043 1325 una
1066 1286 1218 1324 institu-

105 1340 221 1388 tione,
241 1341 407 1379 formari.
448 1341 565 1389 Quod
583 1354 660 1379 non
679 1349 734 1380 051
751 1342 828 1380 ita:
858 1340 1218 1430 diligentissimeque

107 1392 179 1430 hoc
203 1401 257 1431 est
283 1394 348 1442 eis,
376 1394 443 1445 qui
467 1394 670 1433 instituunt
696 1395 855 1446 aliquos,
884 1401 998 1444 atque
1025 1406 1090 1431 0111
1092 1393 1217 1441 (1111111,

108 1445 330 1496 videndum,
357 1460 433 1497 quo
459 1461 527 1485 sua
556 1460 747 1498 quemque
771 1455 907 1485 natura
929 1446 1098 1484 maxime
1123 1446 1220 1484 ferre

109 1499 292 1537 videatur.
339 1499 496 1539 Etenim
529 1500 714 1549 videmus,
748 1514 796 1538 ex
828 1500 959 1538 eodem
991 1500 1099 1551 quasi
1128 1498 1221 1537 ludo

111 1565 350 1591 summorum
367 1554 408 1591 in
427 1567 494 1592 suo
514 1555 697 1604 cujusque
721 1567 856 1604 genere
878 1553 1064 1591 artificum
1085 1559 1121 1591 et
1138 1564 1222 1590 ma-

110 1606 315 1656 gistrorum
335 1608 455 1645 exisse
474 1606 690 1658 discipulos,
710 1607 908 1645 dissimiles
932 1607 1030 1644 inter
1052 1619 1104 1654 se,
1126 1612 1222 1643 atta-

111 1671 200 1696 men
213 1660 445 1705 1audandos3
471 1673 558 1698 cum
573 1660 621 1697 ad
640 1661 823 1712 cujusque
841 1668 1017 1698 naturam
1035 1659 1222 1697 institutio

113 1712 274 1750 doctoris
311 1713 667 1751 accommodaretur.
724 1714 846 1763 Cujus
878 1721 932 1751 est
963 1713 1023 1751 vel
1054 1712 1223 1750 maxime

111 1765 260 1816 insigne
283 1766 381 1804 illud
413 1767 632 1818 exemplum
665 1770 725 1811 (ut
757 1775 906 1805 caeteras
936 1774 1033 1804 artes
1070 1765 1222 1803 omitta-

109 1828 230 1866 mus),
260 1820 362 1870 quod
385 1820 532 1858 dicebat
556 1820 752 1868 Isocrates,
781 1820 909 1858 doctor
939 1818 1153 1870 singularis,
1184 1830 1224 1855 se

111 1872 319 1911 calcaribus
343 1873 382 1910 in
404 1873 576 1924 Ephoro,
604 1881 734 1911 contra
757 1881 885 1912 autem
910 1873 950 1910 in
969 1873 1223 1922 Theopompo

110 1924 240 1973 frenis,
268 1926 325 1964 uti
348 1927 488 1965 solere:
523 1927 686 1965 alterum
710 1927 826 1975 enim,
858 1927 1110 1965 exsultantem
1140 1936 1223 1962 ver-

113 1978 250 2016 borum
269 1979 441 2028 audacia,
461 1980 702 2031 reprimebat,
722 1981 900 2028 alterum,
921 1984 1161 2018 cunctantem
1187 1983 1226 2014 et

111 2031 222 2080 quasi
244 2033 575 2082 verecundantem,
599 2034 791 2073 incitabat.
832 2034 971 2083 Neque
995 2044 1057 2070 eos
1083 2029 1224 2068 similes

118 2083 240 2123 effecit
256 2084 354 2126 inter
373 2099 439 2134 5ος
469 2086 534 2127 sed
556 2094 707 2128 tantum
728 2086 836 2127 alteri
860 2084 1022 2136 affinxit,
1042 2083 1090 2124 (10
1111 2084 1229 2123 311010
