<?xml version="1.0" encoding="UTF-8"?>
<!DOCTYPE html PUBLIC "-//W3C//DTD XHTML 1.0 Transitional//EN"
    "http://www.w3.org/TR/xhtml1/DTD/xhtml1-transitional.dtd">
<html xmlns="http://www.w3.org/1999/xhtml" xml:lang="en" lang="en">
 <head>
  <title>
</title>
<meta http-equiv="Content-Type" content="text/html;charset=utf-8" />
  <meta name='ocr-system' content='tesseract 3.04.00' />
  <meta name='ocr-capabilities' content='ocr_page ocr_carea ocr_par ocr_line ocrx_word'/>
</head>
<body>
  <div class='ocr_page' id='page_1' title='image "./operaern01ciceuoft_0110.png"; bbox 0 0 1429 2344; ppageno 0'>
   <div class='ocr_carea' id='block_1_1' title="bbox 144 91 1142 139">
    <p class='ocr_par' dir='ltr' id='par_1_1' title="bbox 144 91 1142 139">
     <span class='ocr_line' id='line_1_1' title="bbox 144 91 1142 139; baseline 0 -7"><span class='ocrx_word' id='word_1_1' title='bbox 144 95 196 133; x_wconf 79' lang='lat'><strong>92</strong></span> <span class='ocrx_word' id='word_1_2' title='bbox 252 92 328 131; x_wconf 90' lang='lat' dir='ltr'><strong>DE</strong></span> <span class='ocrx_word' id='word_1_3' title='bbox 350 92 413 130; x_wconf 93' lang='lat' dir='ltr'><strong>IN</strong></span> <span class='ocrx_word' id='word_1_4' title='bbox 417 91 739 139; x_wconf 87' lang='lat' dir='ltr'><strong>VENTIONE,</strong></span> <span class='ocrx_word' id='word_1_5' title='bbox 759 91 858 130; x_wconf 78' lang='lat' dir='ltr'><strong>Lm.</strong></span> <span class='ocrx_word' id='word_1_6' title='bbox 876 91 934 130; x_wconf 91' lang='lat'><strong>11.</strong></span> <span class='ocrx_word' id='word_1_7' title='bbox 956 91 1060 132; x_wconf 74' lang='lat' dir='ltr'>CAP.</span> <span class='ocrx_word' id='word_1_8' title='bbox 1078 93 1142 132; x_wconf 89' lang='lat'><strong>30.</strong></span> 
     </span>
    </p>
   </div>
   <div class='ocr_carea' id='block_1_2' title="bbox 144 199 1273 2236">
    <p class='ocr_par' dir='ltr' id='par_1_2' title="bbox 144 199 1273 2236">
     <span class='ocr_line' id='line_1_2' title="bbox 144 199 1260 251; baseline 0.002 -13"><span class='ocrx_word' id='word_1_9' title='bbox 144 200 306 238; x_wconf 71' lang='lat' dir='ltr'><strong>attribui·</strong></span> <span class='ocrx_word' id='word_1_10' title='bbox 320 207 500 251; x_wconf 75' lang='lat' dir='ltr'><strong>oportere.</strong></span> <span class='ocrx_word' id='word_1_11' title='bbox 532 199 579 236; x_wconf 91' lang='lat' dir='ltr'><strong>Id</strong></span> <span class='ocrx_word' id='word_1_12' title='bbox 597 211 717 250; x_wconf 88' lang='lat' dir='ltr'><strong>genus</strong></span> <span class='ocrx_word' id='word_1_13' title='bbox 732 211 853 237; x_wconf 87' lang='lat' dir='ltr'><strong>causae</strong></span> <span class='ocrx_word' id='word_1_14' title='bbox 872 206 927 238; x_wconf 88' lang='lat' dir='ltr'><strong>est</strong></span> <span class='ocrx_word' id='word_1_15' title='bbox 943 200 1188 248; x_wconf 75' lang='lat' dir='ltr'><strong>hujusmodi:</strong></span> <span class='ocrx_word' id='word_1_16' title='bbox 1210 202 1260 240; x_wconf 88' lang='lat' dir='ltr'><strong>In</strong></span> 
     </span>
     <span class='ocr_line' id='line_1_3' title="bbox 146 253 1261 304; baseline 0.001 -12"><span class='ocrx_word' id='word_1_17' title='bbox 146 267 191 292; x_wconf 88' lang='lat' dir='ltr'><strong>eo</strong></span> <span class='ocrx_word' id='word_1_18' title='bbox 218 254 368 301; x_wconf 87' lang='lat' dir='ltr'><strong>foedere,</strong></span> <span class='ocrx_word' id='word_1_19' title='bbox 398 253 501 304; x_wconf 91' lang='lat' dir='ltr'><strong>quod</strong></span> <span class='ocrx_word' id='word_1_20' title='bbox 524 253 667 290; x_wconf 88' lang='lat' dir='ltr'><strong>factum</strong></span> <span class='ocrx_word' id='word_1_21' title='bbox 687 259 742 291; x_wconf 88' lang='lat' dir='ltr'><strong>est</strong></span> <span class='ocrx_word' id='word_1_22' title='bbox 760 253 954 304; x_wconf 85' lang='lat' dir='ltr'><strong>quondam</strong></span> <span class='ocrx_word' id='word_1_23' title='bbox 973 266 1060 292; x_wconf 89' lang='lat' dir='ltr'><strong>cum</strong></span> <span class='ocrx_word' id='word_1_24' title='bbox 1080 255 1261 293; x_wconf 88' lang='lat' dir='ltr'>Samniti-</span> 
     </span>
     <span class='ocr_line' id='line_1_4' title="bbox 148 306 1260 358; baseline 0.001 -12"><span class='ocrx_word' id='word_1_25' title='bbox 148 309 234 355; x_wconf 87' lang='lat' dir='ltr'><strong>bus,</strong></span> <span class='ocrx_word' id='word_1_26' title='bbox 249 307 404 358; x_wconf 89' lang='lat' dir='ltr'><strong>quidam</strong></span> <span class='ocrx_word' id='word_1_27' title='bbox 420 307 632 344; x_wconf 84' lang='lat' dir='ltr'>adolescens</span> <span class='ocrx_word' id='word_1_28' title='bbox 646 306 782 344; x_wconf 91' lang='lat' dir='ltr'><strong>nobilis</strong></span> <span class='ocrx_word' id='word_1_29' title='bbox 794 319 947 357; x_wconf 85' lang='lat' dir='ltr'><strong>porcam</strong></span> <span class='ocrx_word' id='word_1_30' title='bbox 962 307 1140 346; x_wconf 80' lang='lat' dir='ltr'><strong>sustinuit</strong></span> <span class='ocrx_word' id='word_1_31' title='bbox 1150 309 1260 358; x_wconf 86' lang='lat' dir='ltr'><strong>jussu</strong></span> 
     </span>
     <span class='ocr_line' id='line_1_5' title="bbox 146 360 1261 412; baseline 0.002 -14"><span class='ocrx_word' id='word_1_32' title='bbox 146 360 394 412; x_wconf 83' lang='lat' dir='ltr'><strong>imperatoris.</strong></span> <span class='ocrx_word' id='word_1_33' title='bbox 425 360 580 397; x_wconf 86' lang='lat' dir='ltr'><strong>Foedere</strong></span> <span class='ocrx_word' id='word_1_34' title='bbox 599 367 727 397; x_wconf 89' lang='lat' dir='ltr'><strong>autem</strong></span> <span class='ocrx_word' id='word_1_35' title='bbox 746 362 793 397; x_wconf 88' lang='lat' dir='ltr'><strong>ab</strong></span> <span class='ocrx_word' id='word_1_36' title='bbox 817 368 948 398; x_wconf 83' lang='lat' dir='ltr'><strong>senatu</strong></span> <span class='ocrx_word' id='word_1_37' title='bbox 966 360 1194 412; x_wconf 87' lang='lat' dir='ltr'><strong>improbato,</strong></span> <span class='ocrx_word' id='word_1_38' title='bbox 1224 370 1261 400; x_wconf 89' lang='lat' dir='ltr'><strong>et</strong></span> 
     </span>
     <span class='ocr_line' id='line_1_6' title="bbox 147 413 1259 465; baseline 0.001 -13"><span class='ocrx_word' id='word_1_39' title='bbox 147 414 373 465; x_wconf 79' lang='lat' dir='ltr'>imperatore</span> <span class='ocrx_word' id='word_1_40' title='bbox 388 413 622 452; x_wconf 84' lang='lat' dir='ltr'><strong>Samnitibus</strong></span> <span class='ocrx_word' id='word_1_41' title='bbox 637 413 776 460; x_wconf 88' lang='lat' dir='ltr'><strong>dedito,</strong></span> <span class='ocrx_word' id='word_1_42' title='bbox 793 414 950 464; x_wconf 83' lang='lat' dir='ltr'><strong>quidam</strong></span> <span class='ocrx_word' id='word_1_43' title='bbox 963 414 1004 451; x_wconf 92' lang='lat' dir='ltr'><strong>in</strong></span> <span class='ocrx_word' id='word_1_44' title='bbox 1019 422 1150 452; x_wconf 88' lang='lat' dir='ltr'><strong>senatu</strong></span> <span class='ocrx_word' id='word_1_45' title='bbox 1170 429 1259 453; x_wconf 91' lang='lat' dir='ltr'><strong>eum</strong></span> 
     </span>
     <span class='ocr_line' id='line_1_7' title="bbox 150 467 1260 519; baseline 0.003 -15"><span class='ocrx_word' id='word_1_46' title='bbox 150 481 303 519; x_wconf 85' lang='lat' dir='ltr'><strong>quoque</strong></span> <span class='ocrx_word' id='word_1_47' title='bbox 332 467 436 515; x_wconf 89' lang='lat' dir='ltr'><strong>dicit,</strong></span> <span class='ocrx_word' id='word_1_48' title='bbox 473 467 540 518; x_wconf 90' lang='lat' dir='ltr'><strong>qui</strong></span> <span class='ocrx_word' id='word_1_49' title='bbox 572 479 724 517; x_wconf 82' lang='lat' dir='ltr'><strong>porcam</strong></span> <span class='ocrx_word' id='word_1_50' title='bbox 755 467 931 516; x_wconf 85' lang='lat' dir='ltr'><strong>tenuerit,</strong></span> <span class='ocrx_word' id='word_1_51' title='bbox 963 467 1051 505; x_wconf 86' lang='lat' dir='ltr'><strong>dedi</strong></span> <span class='ocrx_word' id='word_1_52' title='bbox 1078 476 1260 519; x_wconf 87' lang='lat' dir='ltr'><strong>oportere.</strong></span> 
     </span>
     <span class='ocr_line' id='line_1_8' title="bbox 150 520 1261 573; baseline 0.002 -15"><span class='ocrx_word' id='word_1_53' title='bbox 150 521 320 558; x_wconf 83' lang='lat' dir='ltr'><strong>Intentio</strong></span> <span class='ocrx_word' id='word_1_54' title='bbox 340 527 407 568; x_wconf 84' lang='lat' dir='ltr'><strong>est,</strong></span> <span class='ocrx_word' id='word_1_55' title='bbox 429 520 531 558; x_wconf 82' lang='lat' dir='ltr'><strong>Dedi</strong></span> <span class='ocrx_word' id='word_1_56' title='bbox 550 528 706 571; x_wconf 82' lang='lat' dir='ltr'><strong>oportet.</strong></span> <span class='ocrx_word' id='word_1_57' title='bbox 736 520 923 571; x_wconf 89' lang='lat' dir='ltr'><strong>Depulsio</strong></span> <span class='ocrx_word' id='word_1_58' title='bbox 942 528 1010 570; x_wconf 89' lang='lat' dir='ltr'><strong>est,</strong></span> <span class='ocrx_word' id='word_1_59' title='bbox 1041 522 1133 560; x_wconf 89' lang='lat' dir='ltr'><strong>Non</strong></span> <span class='ocrx_word' id='word_1_60' title='bbox 1151 535 1261 573; x_wconf 86' lang='lat' dir='ltr'><strong>opor-</strong></span> 
     </span>
     <span class='ocr_line' id='line_1_9' title="bbox 149 573 1260 624; baseline 0.002 -12"><span class='ocrx_word' id='word_1_61' title='bbox 149 582 213 612; x_wconf 86' lang='lat' dir='ltr'><strong>tet.</strong></span> <span class='ocrx_word' id='word_1_62' title='bbox 244 574 415 621; x_wconf 79' lang='lat' dir='ltr'><strong>Quaestio</strong></span> <span class='ocrx_word' id='word_1_63' title='bbox 434 581 503 620; x_wconf 86' lang='lat' dir='ltr'><strong>est,</strong></span> <span class='ocrx_word' id='word_1_64' title='bbox 525 573 790 624; x_wconf 86' lang='lat' dir='ltr'><strong>Oporteatne?</strong></span> <span class='ocrx_word' id='word_1_65' title='bbox 820 574 937 612; x_wconf 87' lang='lat' dir='ltr'><strong>Ratio</strong></span> <span class='ocrx_word' id='word_1_66' title='bbox 956 582 1024 624; x_wconf 91' lang='lat' dir='ltr'><strong>est,</strong></span> <span class='ocrx_word' id='word_1_67' title='bbox 1046 575 1138 613; x_wconf 90' lang='lat' dir='ltr'><strong>Non</strong></span> <span class='ocrx_word' id='word_1_68' title='bbox 1158 577 1260 614; x_wconf 88' lang='lat' dir='ltr'><strong>enim</strong></span> 
     </span>
     <span class='ocr_line' id='line_1_10' title="bbox 149 627 1272 678; baseline 0.003 -14"><span class='ocrx_word' id='word_1_69' title='bbox 149 640 281 665; x_wconf 87' lang='lat' dir='ltr'><strong>meum</strong></span> <span class='ocrx_word' id='word_1_70' title='bbox 300 627 374 664; x_wconf 87' lang='lat' dir='ltr'><strong>fuit</strong></span> <span class='ocrx_word' id='word_1_71' title='bbox 400 627 580 675; x_wconf 82' lang='lat' dir='ltr'><strong>officium,</strong></span> <span class='ocrx_word' id='word_1_72' title='bbox 612 640 682 666; x_wconf 87' lang='lat' dir='ltr'><strong>nec</strong></span> <span class='ocrx_word' id='word_1_73' title='bbox 711 640 797 665; x_wconf 84' lang='lat' dir='ltr'><strong>mea</strong></span> <span class='ocrx_word' id='word_1_74' title='bbox 827 634 1004 678; x_wconf 88' lang='lat' dir='ltr'><strong>potestas,</strong></span> <span class='ocrx_word' id='word_1_75' title='bbox 1038 641 1126 666; x_wconf 90' lang='lat' dir='ltr'><strong>cum</strong></span> <span class='ocrx_word' id='word_1_76' title='bbox 1159 637 1196 667; x_wconf 89' lang='lat' dir='ltr'><strong>et</strong></span> <span class='ocrx_word' id='word_1_77' title='bbox 1221 630 1272 672; x_wconf 70' lang='lat' dir='ltr'><strong>id,</strong></span> 
     </span>
     <span class='ocr_line' id='line_1_11' title="bbox 151 681 1264 732; baseline 0.003 -14"><span class='ocrx_word' id='word_1_78' title='bbox 151 681 284 729; x_wconf 85' lang='lat' dir='ltr'><strong>aetatis,</strong></span> <span class='ocrx_word' id='word_1_79' title='bbox 315 688 352 718; x_wconf 91' lang='lat' dir='ltr'><strong>et</strong></span> <span class='ocrx_word' id='word_1_80' title='bbox 369 682 538 732; x_wconf 82' lang='lat' dir='ltr'><strong>privatus</strong></span> <span class='ocrx_word' id='word_1_81' title='bbox 557 694 689 729; x_wconf 89' lang='lat' dir='ltr'><strong>essem,</strong></span> <span class='ocrx_word' id='word_1_82' title='bbox 722 688 758 719; x_wconf 92' lang='lat' dir='ltr'><strong>et</strong></span> <span class='ocrx_word' id='word_1_83' title='bbox 784 689 878 719; x_wconf 86' lang='lat' dir='ltr'><strong>esset</strong></span> <span class='ocrx_word' id='word_1_84' title='bbox 897 682 1049 719; x_wconf 62' lang='lat' dir='ltr'><strong>summa</strong></span> <span class='ocrx_word' id='word_1_85' title='bbox 1067 695 1156 721; x_wconf 89' lang='lat' dir='ltr'><strong>cum</strong></span> <span class='ocrx_word' id='word_1_86' title='bbox 1174 696 1264 721; x_wconf 86' lang='lat' dir='ltr'><strong>auc-</strong></span> 
     </span>
     <span class='ocr_line' id='line_1_12' title="bbox 151 735 1264 786; baseline 0.003 -14"><span class='ocrx_word' id='word_1_87' title='bbox 151 735 300 773; x_wconf 85' lang='lat' dir='ltr'><strong>toritate</strong></span> <span class='ocrx_word' id='word_1_88' title='bbox 318 742 355 772; x_wconf 93' lang='lat' dir='ltr'><strong>et</strong></span> <span class='ocrx_word' id='word_1_89' title='bbox 371 741 554 785; x_wconf 84' lang='lat' dir='ltr'><strong>potestate</strong></span> <span class='ocrx_word' id='word_1_90' title='bbox 571 735 789 786; x_wconf 86' lang='lat' dir='ltr'><strong>imperator,</strong></span> <span class='ocrx_word' id='word_1_91' title='bbox 821 735 888 786; x_wconf 91' lang='lat' dir='ltr'><strong>qui</strong></span> <span class='ocrx_word' id='word_1_92' title='bbox 914 735 1069 785; x_wconf 85' lang='lat' dir='ltr'><strong>videret,</strong></span> <span class='ocrx_word' id='word_1_93' title='bbox 1101 743 1146 774; x_wconf 92' lang='lat' dir='ltr'><strong>ut</strong></span> <span class='ocrx_word' id='word_1_94' title='bbox 1175 737 1264 776; x_wconf 83' lang='lat' dir='ltr'><strong>satis</strong></span> 
     </span>
     <span class='ocr_line' id='line_1_13' title="bbox 151 788 1263 841; baseline 0.002 -15"><span class='ocrx_word' id='word_1_95' title='bbox 151 789 354 826; x_wconf 87' lang='lat' dir='ltr'><strong>honestum</strong></span> <span class='ocrx_word' id='word_1_96' title='bbox 372 788 494 826; x_wconf 87' lang='lat' dir='ltr'><strong>foedus</strong></span> <span class='ocrx_word' id='word_1_97' title='bbox 512 788 695 826; x_wconf 89' lang='lat' dir='ltr'><strong>feriretur.</strong></span> <span class='ocrx_word' id='word_1_98' title='bbox 730 788 944 826; x_wconf 88' lang='lat' dir='ltr'><strong>Infirmatio</strong></span> <span class='ocrx_word' id='word_1_99' title='bbox 962 795 1030 837; x_wconf 90' lang='lat' dir='ltr'><strong>est,</strong></span> <span class='ocrx_word' id='word_1_100' title='bbox 1061 790 1121 827; x_wconf 91' lang='lat' dir='ltr'><strong>At</strong></span> <span class='ocrx_word' id='word_1_101' title='bbox 1146 791 1263 841; x_wconf 89' lang='lat' dir='ltr'><strong>enim,</strong></span> 
     </span>
     <span class='ocr_line' id='line_1_14' title="bbox 152 842 1266 893; baseline 0.003 -14"><span class='ocrx_word' id='word_1_102' title='bbox 152 843 334 893; x_wconf 88' lang='lat' dir='ltr'><strong>quoniam</strong></span> <span class='ocrx_word' id='word_1_103' title='bbox 354 849 395 879; x_wconf 92' lang='lat' dir='ltr'><strong>tu</strong></span> <span class='ocrx_word' id='word_1_104' title='bbox 415 842 599 893; x_wconf 86' lang='lat' dir='ltr'><strong>particeps</strong></span> <span class='ocrx_word' id='word_1_105' title='bbox 623 842 744 880; x_wconf 84' lang='lat' dir='ltr'><strong>factus</strong></span> <span class='ocrx_word' id='word_1_106' title='bbox 763 855 800 880; x_wconf 89' lang='lat' dir='ltr'><strong>es</strong></span> <span class='ocrx_word' id='word_1_107' title='bbox 819 842 859 880; x_wconf 91' lang='lat' dir='ltr'><strong>in</strong></span> <span class='ocrx_word' id='word_1_108' title='bbox 883 843 1102 893; x_wconf 85' lang='lat' dir='ltr'><strong>turpissimo</strong></span> <span class='ocrx_word' id='word_1_109' title='bbox 1128 843 1266 883; x_wconf 85' lang='lat' dir='ltr'><strong>foedere</strong></span> 
     </span>
     <span class='ocr_line' id='line_1_15' title="bbox 152 896 1263 948; baseline 0.003 -15"><span class='ocrx_word' id='word_1_110' title='bbox 152 909 314 933; x_wconf 85' lang='lat' dir='ltr'><strong>summae</strong></span> <span class='ocrx_word' id='word_1_111' title='bbox 331 896 535 946; x_wconf 81' lang='lat' dir='ltr'><strong>religionis,</strong></span> <span class='ocrx_word' id='word_1_112' title='bbox 568 896 655 933; x_wconf 90' lang='lat' dir='ltr'><strong>dedi</strong></span> <span class='ocrx_word' id='word_1_113' title='bbox 686 903 722 933; x_wconf 91' lang='lat' dir='ltr'><strong>te</strong></span> <span class='ocrx_word' id='word_1_114' title='bbox 751 896 936 934; x_wconf 86' lang='lat' dir='ltr'><strong>convenit.</strong></span> <span class='ocrx_word' id='word_1_115' title='bbox 972 897 1001 934; x_wconf 87' lang='lat' dir='ltr'><em>J</em></span> <span class='ocrx_word' id='word_1_116' title='bbox 1003 896 1167 935; x_wconf 84' lang='lat' dir='ltr'><strong>udicatio</strong></span> <span class='ocrx_word' id='word_1_117' title='bbox 1194 905 1263 948; x_wconf 88' lang='lat' dir='ltr'><strong>est,</strong></span> 
     </span>
     <span class='ocr_line' id='line_1_16' title="bbox 154 949 1268 1002; baseline 0 -16"><span class='ocrx_word' id='word_1_118' title='bbox 154 949 256 987; x_wconf 89' lang='lat' dir='ltr'><strong>Cum</strong></span> <span class='ocrx_word' id='word_1_119' title='bbox 275 950 321 997; x_wconf 91' lang='lat' dir='ltr'><strong>is,</strong></span> <span class='ocrx_word' id='word_1_120' title='bbox 343 949 410 1000; x_wconf 92' lang='lat' dir='ltr'><strong>qui</strong></span> <span class='ocrx_word' id='word_1_121' title='bbox 427 950 620 1000; x_wconf 84' lang='lat' dir='ltr'><strong>potestatis</strong></span> <span class='ocrx_word' id='word_1_122' title='bbox 638 949 735 987; x_wconf 86' lang='lat' dir='ltr'><strong>nihil</strong></span> <span class='ocrx_word' id='word_1_123' title='bbox 753 949 940 998; x_wconf 79' lang='lat' dir='ltr'><strong>habuerit,</strong></span> <span class='ocrx_word' id='word_1_124' title='bbox 967 951 1076 999; x_wconf 90' lang='lat' dir='ltr'><strong>jussu</strong></span> <span class='ocrx_word' id='word_1_125' title='bbox 1103 951 1268 1002; x_wconf 88' lang='lat' dir='ltr'><strong>impera..</strong></span> 
     </span>
     <span class='ocr_line' id='line_1_17' title="bbox 154 1003 1268 1054; baseline 0.003 -14"><span class='ocrx_word' id='word_1_126' title='bbox 154 1003 244 1040; x_wconf 87' lang='lat' dir='ltr'><strong>toris</strong></span> <span class='ocrx_word' id='word_1_127' title='bbox 262 1003 303 1040; x_wconf 90' lang='lat' dir='ltr'><strong>in</strong></span> <span class='ocrx_word' id='word_1_128' title='bbox 321 1003 458 1041; x_wconf 80' lang='lat' dir='ltr'><strong>foedere</strong></span> <span class='ocrx_word' id='word_1_129' title='bbox 477 1010 513 1041; x_wconf 88' lang='lat' dir='ltr'><strong>et</strong></span> <span class='ocrx_word' id='word_1_130' title='bbox 541 1003 580 1040; x_wconf 86' lang='lat' dir='ltr'><strong>in</strong></span> <span class='ocrx_word' id='word_1_131' title='bbox 609 1004 716 1041; x_wconf 67' lang='lat' dir='ltr'><strong>tant-5³„</strong></span> <span class='ocrx_word' id='word_1_132' title='bbox 744 1003 924 1054; x_wconf 87' lang='lat' dir='ltr'><strong>religione</strong></span> <span class='ocrx_word' id='word_1_133' title='bbox 947 1004 1173 1053; x_wconf 86' lang='lat' dir='ltr'><strong>interfuerit,</strong></span> <span class='ocrx_word' id='word_1_134' title='bbox 1202 1005 1268 1044; x_wconf 89' lang='lat' dir='ltr'><strong>de-</strong></span> 
     </span>
     <span class='ocr_line' id='line_1_18' title="bbox 154 1057 1268 1108; baseline 0.003 -14"><span class='ocrx_word' id='word_1_135' title='bbox 154 1057 301 1094; x_wconf 88' lang='lat' dir='ltr'><strong>dendus</strong></span> <span class='ocrx_word' id='word_1_136' title='bbox 330 1057 377 1094; x_wconf 86' lang='lat' dir='ltr'><strong>sit</strong></span> <span class='ocrx_word' id='word_1_137' title='bbox 403 1057 589 1105; x_wconf 83' lang='lat' dir='ltr'><strong>hostibus,</strong></span> <span class='ocrx_word' id='word_1_138' title='bbox 620 1059 768 1095; x_wconf 82' lang='lat' dir='ltr'><strong>necne?</strong></span> <span class='ocrx_word' id='word_1_139' title='bbox 798 1057 885 1095; x_wconf 92' lang='lat' dir='ltr'><strong>Hoc</strong></span> <span class='ocrx_word' id='word_1_140' title='bbox 903 1070 1022 1108; x_wconf 89' lang='lat' dir='ltr'><strong>genus</strong></span> <span class='ocrx_word' id='word_1_141' title='bbox 1040 1070 1162 1096; x_wconf 88' lang='lat' dir='ltr'><strong>causae</strong></span> <span class='ocrx_word' id='word_1_142' title='bbox 1180 1072 1268 1097; x_wconf 93' lang='lat' dir='ltr'><strong>cum</strong></span> 
     </span>
     <span class='ocr_line' id='line_1_19' title="bbox 153 1110 1269 1162; baseline 0.003 -15"><span class='ocrx_word' id='word_1_143' title='bbox 153 1110 343 1162; x_wconf 86' lang='lat' dir='ltr'><strong>superiore</strong></span> <span class='ocrx_word' id='word_1_144' title='bbox 361 1110 432 1148; x_wconf 90' lang='lat' dir='ltr'><strong>hoc</strong></span> <span class='ocrx_word' id='word_1_145' title='bbox 457 1110 596 1157; x_wconf 86' lang='lat' dir='ltr'><strong>differt,</strong></span> <span class='ocrx_word' id='word_1_146' title='bbox 627 1111 730 1161; x_wconf 88' lang='lat' dir='ltr'><strong>quod</strong></span> <span class='ocrx_word' id='word_1_147' title='bbox 759 1110 799 1148; x_wconf 92' lang='lat' dir='ltr'><strong>in</strong></span> <span class='ocrx_word' id='word_1_148' title='bbox 829 1111 895 1149; x_wconf 88' lang='lat' dir='ltr'><strong>illo</strong></span> <span class='ocrx_word' id='word_1_149' title='bbox 921 1111 1089 1149; x_wconf 87' lang='lat' dir='ltr'><strong>concedit</strong></span> <span class='ocrx_word' id='word_1_150' title='bbox 1117 1125 1155 1150; x_wconf 93' lang='lat' dir='ltr'><strong>se</strong></span> <span class='ocrx_word' id='word_1_151' title='bbox 1182 1125 1269 1151; x_wconf 86' lang='lat' dir='ltr'><strong>reus</strong></span> 
     </span>
     <span class='ocr_line' id='line_1_20' title="bbox 153 1164 1267 1217; baseline 0.003 -16"><span class='ocrx_word' id='word_1_152' title='bbox 153 1165 361 1215; x_wconf 86' lang='lat' dir='ltr'><strong>oportuisse</strong></span> <span class='ocrx_word' id='word_1_153' title='bbox 379 1165 500 1202; x_wconf 84' lang='lat' dir='ltr'><strong>facere</strong></span> <span class='ocrx_word' id='word_1_154' title='bbox 518 1164 571 1213; x_wconf 90' lang='lat' dir='ltr'><strong>id,</strong></span> <span class='ocrx_word' id='word_1_155' title='bbox 602 1164 705 1215; x_wconf 89' lang='lat' dir='ltr'><strong>quod</strong></span> <span class='ocrx_word' id='word_1_156' title='bbox 730 1164 812 1202; x_wconf 91' lang='lat' dir='ltr'><strong>fieri</strong></span> <span class='ocrx_word' id='word_1_157' title='bbox 830 1164 930 1202; x_wconf 88' lang='lat' dir='ltr'><strong>dicat</strong></span> <span class='ocrx_word' id='word_1_158' title='bbox 947 1171 1138 1203; x_wconf 87' lang='lat' dir='ltr'><strong>accusator</strong></span> <span class='ocrx_word' id='word_1_159' title='bbox 1155 1179 1267 1217; x_wconf 90' lang='lat' dir='ltr'><strong>opor-</strong></span> 
     </span>
     <span class='ocr_line' id='line_1_21' title="bbox 153 1218 1264 1269; baseline 0.003 -15"><span class='ocrx_word' id='word_1_160' title='bbox 153 1219 282 1265; x_wconf 81' lang='lat' dir='ltr'><strong>tuisse,</strong></span> <span class='ocrx_word' id='word_1_161' title='bbox 315 1218 379 1255; x_wconf 86' lang='lat' dir='ltr'><strong>sed</strong></span> <span class='ocrx_word' id='word_1_162' title='bbox 409 1218 521 1255; x_wconf 84' lang='lat' dir='ltr'><strong>alicui</strong></span> <span class='ocrx_word' id='word_1_163' title='bbox 553 1218 607 1256; x_wconf 86' lang='lat' dir='ltr'><strong>rei</strong></span> <span class='ocrx_word' id='word_1_164' title='bbox 635 1225 703 1256; x_wconf 88' lang='lat' dir='ltr'><strong>aut</strong></span> <span class='ocrx_word' id='word_1_165' title='bbox 732 1218 880 1255; x_wconf 90' lang='lat' dir='ltr'><strong>homini</strong></span> <span class='ocrx_word' id='word_1_166' title='bbox 907 1231 1058 1256; x_wconf 88' lang='lat' dir='ltr'><strong>causam</strong></span> <span class='ocrx_word' id='word_1_167' title='bbox 1077 1219 1264 1269; x_wconf 81' lang='lat' dir='ltr'><strong>attribuit,</strong></span> 
     </span>
     <span class='ocr_line' id='line_1_22' title="bbox 154 1271 1267 1322; baseline 0.003 -14"><span class='ocrx_word' id='word_1_168' title='bbox 154 1285 241 1321; x_wconf 83' lang='lat' dir='ltr'><strong>quae</strong></span> <span class='ocrx_word' id='word_1_169' title='bbox 259 1271 446 1309; x_wconf 84' lang='lat' dir='ltr'><strong>voluntati</strong></span> <span class='ocrx_word' id='word_1_170' title='bbox 471 1285 548 1309; x_wconf 84' lang='lat' dir='ltr'><strong>suae</strong></span> <span class='ocrx_word' id='word_1_171' title='bbox 567 1272 681 1309; x_wconf 81' lang='lat' dir='ltr'><strong>fuerit</strong></span> <span class='ocrx_word' id='word_1_172' title='bbox 703 1271 991 1322; x_wconf 88' lang='lat' dir='ltr'><strong>impedimento,</strong></span> <span class='ocrx_word' id='word_1_173' title='bbox 1019 1272 1098 1310; x_wconf 86' lang='lat' dir='ltr'><strong>sine</strong></span> <span class='ocrx_word' id='word_1_174' title='bbox 1117 1285 1267 1311; x_wconf 80' lang='lat' dir='ltr'><strong>conces-</strong></span> 
     </span>
     <span class='ocr_line' id='line_1_23' title="bbox 153 1325 1266 1377; baseline 0.003 -15"><span class='ocrx_word' id='word_1_175' title='bbox 153 1325 268 1363; x_wconf 85' lang='lat' dir='ltr'><strong>sionis</strong></span> <span class='ocrx_word' id='word_1_176' title='bbox 286 1325 482 1376; x_wconf 79' lang='lat' dir='ltr'><strong>partibus3</strong></span> <span class='ocrx_word' id='word_1_177' title='bbox 512 1338 602 1362; x_wconf 89' lang='lat' dir='ltr'><strong>nam</strong></span> <span class='ocrx_word' id='word_1_178' title='bbox 621 1338 751 1363; x_wconf 88' lang='lat' dir='ltr'><strong>earum</strong></span> <span class='ocrx_word' id='word_1_179' title='bbox 769 1327 892 1374; x_wconf 86' lang='lat' dir='ltr'><strong>major</strong></span> <span class='ocrx_word' id='word_1_180' title='bbox 915 1325 1092 1377; x_wconf 87' lang='lat' dir='ltr'><strong>quaedam</strong></span> <span class='ocrx_word' id='word_1_181' title='bbox 1111 1326 1166 1365; x_wconf 86' lang='lat' dir='ltr'><strong>vis</strong></span> <span class='ocrx_word' id='word_1_182' title='bbox 1186 1334 1266 1373; x_wconf 88' lang='lat' dir='ltr'><strong>est;</strong></span> 
     </span>
     <span class='ocr_line' id='line_1_24' title="bbox 156 1379 1273 1430; baseline 0.003 -14"><span class='ocrx_word' id='word_1_183' title='bbox 156 1379 262 1429; x_wconf 87' lang='lat' dir='ltr'><strong>quod</strong></span> <span class='ocrx_word' id='word_1_184' title='bbox 281 1379 397 1429; x_wconf 88' lang='lat' dir='ltr'><strong>paulo</strong></span> <span class='ocrx_word' id='word_1_185' title='bbox 426 1386 511 1430; x_wconf 91' lang='lat' dir='ltr'><strong>post</strong></span> <span class='ocrx_word' id='word_1_186' title='bbox 529 1379 785 1429; x_wconf 85' lang='lat' dir='ltr'><strong>intelligetur:</strong></span> <span class='ocrx_word' id='word_1_187' title='bbox 812 1379 853 1416; x_wconf 92' lang='lat' dir='ltr'><strong>in</strong></span> <span class='ocrx_word' id='word_1_188' title='bbox 871 1379 943 1418; x_wconf 88' lang='lat' dir='ltr'><strong>hoc</strong></span> <span class='ocrx_word' id='word_1_189' title='bbox 967 1386 1096 1418; x_wconf 82' lang='lat' dir='ltr'><strong>autem</strong></span> <span class='ocrx_word' id='word_1_190' title='bbox 1115 1392 1192 1418; x_wconf 90' lang='lat' dir='ltr'><strong>non</strong></span> <span class='ocrx_word' id='word_1_191' title='bbox 1211 1394 1273 1419; x_wconf 89' lang='lat' dir='ltr'><strong>ac-</strong></span> 
     </span>
     <span class='ocr_line' id='line_1_25' title="bbox 154 1433 1272 1484; baseline 0.003 -15"><span class='ocrx_word' id='word_1_192' title='bbox 154 1445 285 1470; x_wconf 88' lang='lat' dir='ltr'><strong>cusare</strong></span> <span class='ocrx_word' id='word_1_193' title='bbox 303 1433 480 1481; x_wconf 87' lang='lat' dir='ltr'><strong>alterum,</strong></span> <span class='ocrx_word' id='word_1_194' title='bbox 510 1445 579 1470; x_wconf 89' lang='lat' dir='ltr'><strong>nec</strong></span> <span class='ocrx_word' id='word_1_195' title='bbox 598 1433 750 1484; x_wconf 88' lang='lat' dir='ltr'><strong>culpam</strong></span> <span class='ocrx_word' id='word_1_196' title='bbox 769 1433 809 1470; x_wconf 92' lang='lat' dir='ltr'><strong>in</strong></span> <span class='ocrx_word' id='word_1_197' title='bbox 828 1433 949 1471; x_wconf 90' lang='lat' dir='ltr'><strong>alium</strong></span> <span class='ocrx_word' id='word_1_198' title='bbox 967 1433 1180 1483; x_wconf 87' lang='lat' dir='ltr'><strong>transferre,</strong></span> <span class='ocrx_word' id='word_1_199' title='bbox 1206 1434 1272 1472; x_wconf 88' lang='lat' dir='ltr'><strong>de-</strong></span> 
     </span>
     <span class='ocr_line' id='line_1_26' title="bbox 155 1486 1271 1539; baseline 0.003 -16"><span class='ocrx_word' id='word_1_200' title='bbox 155 1487 233 1533; x_wconf 89' lang='lat' dir='ltr'><strong>bet,</strong></span> <span class='ocrx_word' id='word_1_201' title='bbox 255 1486 319 1524; x_wconf 87' lang='lat' dir='ltr'><strong>sed</strong></span> <span class='ocrx_word' id='word_1_202' title='bbox 338 1486 608 1535; x_wconf 88' lang='lat' dir='ltr'><strong>demonstrare,</strong></span> <span class='ocrx_word' id='word_1_203' title='bbox 630 1499 714 1524; x_wconf 88' lang='lat' dir='ltr'><strong>eam</strong></span> <span class='ocrx_word' id='word_1_204' title='bbox 733 1499 814 1524; x_wconf 88' lang='lat' dir='ltr'><strong>rem</strong></span> <span class='ocrx_word' id='word_1_205' title='bbox 832 1486 930 1524; x_wconf 91' lang='lat' dir='ltr'><strong>nihil</strong></span> <span class='ocrx_word' id='word_1_206' title='bbox 948 1486 997 1524; x_wconf 89' lang='lat' dir='ltr'><strong>ad</strong></span> <span class='ocrx_word' id='word_1_207' title='bbox 1015 1499 1067 1536; x_wconf 93' lang='lat' dir='ltr'><strong>se,</strong></span> <span class='ocrx_word' id='word_1_208' title='bbox 1082 1499 1207 1539; x_wconf 88' lang='lat' dir='ltr'><strong>neque</strong></span> <span class='ocrx_word' id='word_1_209' title='bbox 1222 1488 1271 1526; x_wconf 87' lang='lat' dir='ltr'><strong>ad</strong></span> 
     </span>
     <span class='ocr_line' id='line_1_27' title="bbox 153 1539 1270 1592; baseline 0.004 -16"><span class='ocrx_word' id='word_1_210' title='bbox 153 1546 379 1590; x_wconf 86' lang='lat' dir='ltr'><strong>potestatem</strong></span> <span class='ocrx_word' id='word_1_211' title='bbox 398 1553 522 1591; x_wconf 88' lang='lat' dir='ltr'><strong>neque</strong></span> <span class='ocrx_word' id='word_1_212' title='bbox 541 1541 589 1578; x_wconf 84' lang='lat' dir='ltr'><strong>ad</strong></span> <span class='ocrx_word' id='word_1_213' title='bbox 614 1539 781 1578; x_wconf 86' lang='lat' dir='ltr'><strong>officium</strong></span> <span class='ocrx_word' id='word_1_214' title='bbox 799 1553 927 1588; x_wconf 89' lang='lat' dir='ltr'><strong>suum,</strong></span> <span class='ocrx_word' id='word_1_215' title='bbox 955 1541 1178 1592; x_wconf 85' lang='lat' dir='ltr'><strong>pertinuisse</strong></span> <span class='ocrx_word' id='word_1_216' title='bbox 1203 1549 1270 1580; x_wconf 88' lang='lat' dir='ltr'><strong>aut</strong></span> 
     </span>
     <span class='ocr_line' id='line_1_28' title="bbox 153 1593 1267 1645; baseline 0.002 -15"><span class='ocrx_word' id='word_1_217' title='bbox 153 1593 351 1644; x_wconf 87' lang='lat' dir='ltr'><strong>pertinere.</strong></span> <span class='ocrx_word' id='word_1_218' title='bbox 395 1593 529 1645; x_wconf 88' lang='lat' dir='ltr'><strong>Atque</strong></span> <span class='ocrx_word' id='word_1_219' title='bbox 561 1594 602 1631; x_wconf 85' lang='lat' dir='ltr'><strong>in</strong></span> <span class='ocrx_word' id='word_1_220' title='bbox 630 1593 703 1632; x_wconf 88' lang='lat' dir='ltr'><strong>hoc</strong></span> <span class='ocrx_word' id='word_1_221' title='bbox 733 1606 869 1645; x_wconf 87' lang='lat' dir='ltr'><strong>genere</strong></span> <span class='ocrx_word' id='word_1_222' title='bbox 900 1594 972 1632; x_wconf 92' lang='lat' dir='ltr'><strong>hoc</strong></span> <span class='ocrx_word' id='word_1_223' title='bbox 1001 1594 1135 1634; x_wconf 88' lang='lat' dir='ltr'><strong>accidit</strong></span> <span class='ocrx_word' id='word_1_224' title='bbox 1164 1596 1267 1644; x_wconf 88' lang='lat' dir='ltr'><strong>novi,</strong></span> 
     </span>
     <span class='ocr_line' id='line_1_29' title="bbox 155 1646 1268 1699; baseline 0.002 -15"><span class='ocrx_word' id='word_1_225' title='bbox 155 1646 259 1697; x_wconf 92' lang='lat' dir='ltr'><strong>quod</strong></span> <span class='ocrx_word' id='word_1_226' title='bbox 278 1654 468 1685; x_wconf 87' lang='lat' dir='ltr'><strong>accusator</strong></span> <span class='ocrx_word' id='word_1_227' title='bbox 487 1660 640 1699; x_wconf 91' lang='lat' dir='ltr'><strong>quoque</strong></span> <span class='ocrx_word' id='word_1_228' title='bbox 665 1661 764 1698; x_wconf 87' lang='lat' dir='ltr'><strong>saepe</strong></span> <span class='ocrx_word' id='word_1_229' title='bbox 793 1661 841 1685; x_wconf 86' lang='lat' dir='ltr'><strong>ex</strong></span> <span class='ocrx_word' id='word_1_230' title='bbox 867 1648 1075 1686; x_wconf 87' lang='lat' dir='ltr'><strong>remotione</strong></span> <span class='ocrx_word' id='word_1_231' title='bbox 1093 1648 1268 1686; x_wconf 85' lang='lat' dir='ltr'><strong>crimina-</strong></span> 
     </span>
     <span class='ocr_line' id='line_1_30' title="bbox 154 1700 1268 1752; baseline 0.002 -15"><span class='ocrx_word' id='word_1_232' title='bbox 154 1700 297 1738; x_wconf 90' lang='lat' dir='ltr'><strong>tionem</strong></span> <span class='ocrx_word' id='word_1_233' title='bbox 317 1700 476 1738; x_wconf 74' lang='lat' dir='ltr'><strong>conficit.</strong></span> <span class='ocrx_word' id='word_1_234' title='bbox 518 1701 587 1749; x_wconf 87' lang='lat' dir='ltr'><strong>Ut,</strong></span> <span class='ocrx_word' id='word_1_235' title='bbox 621 1701 653 1738; x_wconf 91' lang='lat' dir='ltr'><strong>si</strong></span> <span class='ocrx_word' id='word_1_236' title='bbox 678 1701 763 1752; x_wconf 87' lang='lat' dir='ltr'><strong>quis</strong></span> <span class='ocrx_word' id='word_1_237' title='bbox 782 1714 871 1739; x_wconf 90' lang='lat' dir='ltr'><strong>eum</strong></span> <span class='ocrx_word' id='word_1_238' title='bbox 889 1709 1050 1750; x_wconf 84' lang='lat' dir='ltr'><strong>accuset,</strong></span> <span class='ocrx_word' id='word_1_239' title='bbox 1071 1701 1152 1752; x_wconf 90' lang='lat' dir='ltr'><strong>qui,</strong></span> <span class='ocrx_word' id='word_1_240' title='bbox 1179 1715 1268 1740; x_wconf 87' lang='lat' dir='ltr'><strong>cum</strong></span> 
     </span>
     <span class='ocr_line' id='line_1_31' title="bbox 154 1754 1268 1806; baseline 0.004 -16"><span class='ocrx_word' id='word_1_241' title='bbox 154 1761 292 1805; x_wconf 84' lang='lat' dir='ltr'><strong>praetor</strong></span> <span class='ocrx_word' id='word_1_242' title='bbox 312 1761 418 1801; x_wconf 89' lang='lat' dir='ltr'><strong>esset,</strong></span> <span class='ocrx_word' id='word_1_243' title='bbox 439 1754 479 1791; x_wconf 87' lang='lat' dir='ltr'><strong>in</strong></span> <span class='ocrx_word' id='word_1_244' title='bbox 499 1754 779 1805; x_wconf 80' lang='lat' dir='ltr'><strong>expeditionem</strong></span> <span class='ocrx_word' id='word_1_245' title='bbox 805 1755 854 1792; x_wconf 88' lang='lat' dir='ltr'><strong>ad</strong></span> <span class='ocrx_word' id='word_1_246' title='bbox 872 1767 979 1792; x_wconf 87' lang='lat' dir='ltr'><strong>arma</strong></span> <span class='ocrx_word' id='word_1_247' title='bbox 996 1755 1183 1806; x_wconf 90' lang='lat' dir='ltr'><strong>populum</strong></span> <span class='ocrx_word' id='word_1_248' title='bbox 1202 1769 1268 1794; x_wconf 83' lang='lat' dir='ltr'><strong>vo-</strong></span> 
     </span>
     <span class='ocr_line' id='line_1_32' title="bbox 154 1807 1270 1860; baseline 0.002 -16"><span class='ocrx_word' id='word_1_249' title='bbox 154 1807 260 1855; x_wconf 63' lang='lat' dir='ltr'><strong>carit,</strong></span> <span class='ocrx_word' id='word_1_250' title='bbox 282 1820 370 1845; x_wconf 89' lang='lat' dir='ltr'><strong>cum</strong></span> <span class='ocrx_word' id='word_1_251' title='bbox 389 1808 559 1845; x_wconf 84' lang='lat' dir='ltr'><strong>consules</strong></span> <span class='ocrx_word' id='word_1_252' title='bbox 578 1808 759 1846; x_wconf 88' lang='lat' dir='ltr'><strong>adessent.</strong></span> <span class='ocrx_word' id='word_1_253' title='bbox 795 1808 916 1857; x_wconf 88' lang='lat' dir='ltr'><strong>Nam,</strong></span> <span class='ocrx_word' id='word_1_254' title='bbox 936 1814 993 1856; x_wconf 89' lang='lat' dir='ltr'><strong>ut,</strong></span> <span class='ocrx_word' id='word_1_255' title='bbox 1013 1809 1054 1846; x_wconf 88' lang='lat' dir='ltr'><strong>in</strong></span> <span class='ocrx_word' id='word_1_256' title='bbox 1079 1808 1270 1860; x_wconf 85' lang='lat' dir='ltr'><strong>superiore</strong></span> 
     </span>
     <span class='ocr_line' id='line_1_33' title="bbox 155 1861 1269 1912; baseline 0.003 -14"><span class='ocrx_word' id='word_1_257' title='bbox 155 1861 346 1911; x_wconf 80' lang='lat' dir='ltr'><strong>exemplo,</strong></span> <span class='ocrx_word' id='word_1_258' title='bbox 377 1874 463 1899; x_wconf 84' lang='lat' dir='ltr'><strong>reus</strong></span> <span class='ocrx_word' id='word_1_259' title='bbox 494 1863 542 1899; x_wconf 88' lang='lat' dir='ltr'><strong>ab</strong></span> <span class='ocrx_word' id='word_1_260' title='bbox 574 1875 642 1900; x_wconf 89' lang='lat' dir='ltr'><strong>suo</strong></span> <span class='ocrx_word' id='word_1_261' title='bbox 669 1861 791 1900; x_wconf 90' lang='lat' dir='ltr'><strong>officio</strong></span> <span class='ocrx_word' id='word_1_262' title='bbox 810 1869 847 1900; x_wconf 89' lang='lat' dir='ltr'><strong>et</strong></span> <span class='ocrx_word' id='word_1_263' title='bbox 865 1875 888 1899; x_wconf 86' lang='lat' dir='ltr'><strong>a</strong></span> <span class='ocrx_word' id='word_1_264' title='bbox 906 1862 975 1899; x_wconf 63' lang='lat' dir='ltr'><strong>sua</strong></span> <span class='ocrx_word' id='word_1_265' title='bbox 991 1868 1174 1912; x_wconf 86' lang='lat' dir='ltr'><strong>potestate</strong></span> <span class='ocrx_word' id='word_1_266' title='bbox 1192 1862 1269 1901; x_wconf 85' lang='lat' dir='ltr'><strong>fac-</strong></span> 
     </span>
     <span class='ocr_line' id='line_1_34' title="bbox 156 1914 1271 1967; baseline 0.003 -15"><span class='ocrx_word' id='word_1_267' title='bbox 156 1923 241 1953; x_wconf 89' lang='lat' dir='ltr'><strong>tum</strong></span> <span class='ocrx_word' id='word_1_268' title='bbox 260 1914 507 1961; x_wconf 81' lang='lat' dir='ltr'><strong>demovebat3</strong></span> <span class='ocrx_word' id='word_1_269' title='bbox 541 1914 605 1963; x_wconf 91' lang='lat' dir='ltr'><strong>sic,</strong></span> <span class='ocrx_word' id='word_1_270' title='bbox 636 1914 677 1953; x_wconf 81' lang='lat' dir='ltr'><strong>in</strong></span> <span class='ocrx_word' id='word_1_271' title='bbox 705 1914 790 1964; x_wconf 91' lang='lat' dir='ltr'><strong>hoc,</strong></span> <span class='ocrx_word' id='word_1_272' title='bbox 821 1917 869 1954; x_wconf 90' lang='lat' dir='ltr'><strong>ab</strong></span> <span class='ocrx_word' id='word_1_273' title='bbox 898 1916 979 1964; x_wconf 88' lang='lat' dir='ltr'><strong>ejus</strong></span> <span class='ocrx_word' id='word_1_274' title='bbox 1003 1915 1125 1955; x_wconf 87' lang='lat' dir='ltr'><strong>officio</strong></span> <span class='ocrx_word' id='word_1_275' title='bbox 1142 1929 1186 1954; x_wconf 88' lang='lat' dir='ltr'><strong>ac</strong></span> <span class='ocrx_word' id='word_1_276' title='bbox 1202 1929 1271 1967; x_wconf 90' lang='lat' dir='ltr'><strong>po-</strong></span> 
     </span>
     <span class='ocr_line' id='line_1_35' title="bbox 157 1968 1272 2020; baseline 0.001 -14"><span class='ocrx_word' id='word_1_277' title='bbox 157 1975 288 2007; x_wconf 84' lang='lat' dir='ltr'><strong>testate</strong></span> <span class='ocrx_word' id='word_1_278' title='bbox 316 1968 383 2020; x_wconf 90' lang='lat' dir='ltr'><strong>qui</strong></span> <span class='ocrx_word' id='word_1_279' title='bbox 409 1976 617 2017; x_wconf 82' lang='lat' dir='ltr'><strong>accusatur,</strong></span> <span class='ocrx_word' id='word_1_280' title='bbox 648 1968 728 2019; x_wconf 87' lang='lat' dir='ltr'><strong>ipse</strong></span> <span class='ocrx_word' id='word_1_281' title='bbox 760 1976 950 2007; x_wconf 84' lang='lat' dir='ltr'><strong>accusator</strong></span> <span class='ocrx_word' id='word_1_282' title='bbox 975 1968 1120 2007; x_wconf 86' lang='lat' dir='ltr'><strong>factum</strong></span> <span class='ocrx_word' id='word_1_283' title='bbox 1149 1982 1272 2008; x_wconf 86' lang='lat' dir='ltr'><strong>remo-</strong></span> 
     </span>
     <span class='ocr_line' id='line_1_36' title="bbox 155 2022 1268 2073; baseline 0.001 -13"><span class='ocrx_word' id='word_1_284' title='bbox 155 2022 290 2069; x_wconf 87' lang='lat' dir='ltr'><strong>vendo,</strong></span> <span class='ocrx_word' id='word_1_285' title='bbox 320 2023 391 2060; x_wconf 86' lang='lat' dir='ltr'><strong>hac</strong></span> <span class='ocrx_word' id='word_1_286' title='bbox 409 2022 492 2073; x_wconf 62' lang='lat' dir='ltr'><strong>ipsa</strong></span> <span class='ocrx_word' id='word_1_287' title='bbox 518 2022 662 2060; x_wconf 90' lang='lat' dir='ltr'><strong>ratione</strong></span> <span class='ocrx_word' id='word_1_288' title='bbox 680 2023 878 2060; x_wconf 85' lang='lat' dir='ltr'><strong>confirmat</strong></span> <span class='ocrx_word' id='word_1_289' title='bbox 895 2022 1182 2060; x_wconf 88' lang='lat' dir='ltr'><strong>accusationem.</strong></span> <span class='ocrx_word' id='word_1_290' title='bbox 1219 2024 1268 2061; x_wconf 92' lang='lat' dir='ltr'><strong>In</strong></span> 
     </span>
     <span class='ocr_line' id='line_1_37' title="bbox 156 2076 1269 2127; baseline 0.002 -14"><span class='ocrx_word' id='word_1_291' title='bbox 156 2077 227 2114; x_wconf 89' lang='lat' dir='ltr'><strong>hac</strong></span> <span class='ocrx_word' id='word_1_292' title='bbox 253 2077 301 2113; x_wconf 87' lang='lat' dir='ltr'><strong>ab</strong></span> <span class='ocrx_word' id='word_1_293' title='bbox 328 2083 489 2127; x_wconf 88' lang='lat' dir='ltr'><strong>utroque</strong></span> <span class='ocrx_word' id='word_1_294' title='bbox 518 2089 565 2113; x_wconf 84' lang='lat' dir='ltr'><strong>ex</strong></span> <span class='ocrx_word' id='word_1_295' title='bbox 595 2076 773 2114; x_wconf 87' lang='lat' dir='ltr'><strong>omnibus</strong></span> <span class='ocrx_word' id='word_1_296' title='bbox 800 2076 1004 2114; x_wconf 87' lang='lat' dir='ltr'><strong>honestatis</strong></span> <span class='ocrx_word' id='word_1_297' title='bbox 1033 2083 1070 2114; x_wconf 90' lang='lat' dir='ltr'><strong>et</strong></span> <span class='ocrx_word' id='word_1_298' title='bbox 1095 2076 1269 2116; x_wconf 82' lang='lat' dir='ltr'><strong>utilitatis</strong></span> 
     </span>
     <span class='ocr_line' id='line_1_38' title="bbox 154 2129 1269 2182; baseline 0.003 -16"><span class='ocrx_word' id='word_1_299' title='bbox 154 2131 340 2181; x_wconf 77' lang='lat' dir='ltr'><strong>partibus,</strong></span> <span class='ocrx_word' id='word_1_300' title='bbox 361 2129 558 2180; x_wconf 83' lang='lat' dir='ltr'><strong>exemplis,</strong></span> <span class='ocrx_word' id='word_1_301' title='bbox 589 2130 719 2180; x_wconf 84' lang='lat' dir='ltr'><strong>signis,</strong></span> <span class='ocrx_word' id='word_1_302' title='bbox 739 2130 1008 2178; x_wconf 84' lang='lat' dir='ltr'><strong>ratiocinando,</strong></span> <span class='ocrx_word' id='word_1_303' title='bbox 1029 2130 1122 2182; x_wconf 91' lang='lat' dir='ltr'><strong>quid</strong></span> <span class='ocrx_word' id='word_1_304' title='bbox 1141 2132 1269 2180; x_wconf 82' lang='lat' dir='ltr'><strong>cujus-</strong></span> 
     </span>
     <span class='ocr_line' id='line_1_39' title="bbox 155 2183 1268 2236; baseline 0.002 -15"><span class='ocrx_word' id='word_1_305' title='bbox 155 2198 230 2235; x_wconf 83' lang='lat' dir='ltr'><strong>que</strong></span> <span class='ocrx_word' id='word_1_306' title='bbox 249 2183 374 2233; x_wconf 83' lang='lat' dir='ltr'><strong>officii,</strong></span> <span class='ocrx_word' id='word_1_307' title='bbox 398 2184 508 2233; x_wconf 85' lang='lat' dir='ltr'><strong>juris,</strong></span> <span class='ocrx_word' id='word_1_308' title='bbox 541 2184 733 2235; x_wconf 84' lang='lat' dir='ltr'><strong>potestatis</strong></span> <span class='ocrx_word' id='word_1_309' title='bbox 759 2184 820 2233; x_wconf 88' lang='lat' dir='ltr'><strong>sit,</strong></span> <span class='ocrx_word' id='word_1_310' title='bbox 853 2183 971 2235; x_wconf 84' lang='lat' dir='ltr'><strong>quaeri</strong></span> <span class='ocrx_word' id='word_1_311' title='bbox 989 2184 1200 2236; x_wconf 70' lang='lat' dir='ltr'><strong>oportebit,</strong></span> <span class='ocrx_word' id='word_1_312' title='bbox 1231 2192 1268 2223; x_wconf 88' lang='lat' dir='ltr'><strong>et</strong></span> 
     </span>
    </p>
   </div>
  </div>
 </body>
</html>
