1429 2344
166 43 246 82 356
273 43 352 83 DE
372 43 579 84 CLARIS
598 42 990 94 ORATORIBUS,
1006 43 1112 84 CAP.
1128 47 1167 83 2.

177 151 280 191 rium
299 161 366 191 aut
385 155 674 191 obtrectatorem
690 151 852 190 laudum
863 164 1052 201 mearum,
1067 152 1132 190 sed
1148 152 1292 191 socium

178 207 306 257 potius
326 214 363 244 et
389 214 601 245 consortem
628 206 782 257 gloriosi
805 206 944 244 laboris
964 206 1181 244 amiseram.
1219 206 1294 245 Et-

181 260 299 309 enim,
316 260 360 308 si,
376 261 416 298 in
434 260 621 298 leviorum
633 260 774 297 artium
794 260 933 309 studio,
952 260 1148 298 memoriae
1166 260 1295 311 prodi—

183 319 269 352 tum
297 322 365 363 est,
391 318 522 365 poetas
548 314 693 351 nobiles
717 317 919 364 po‘e‘tarum
945 314 1153 365 aequalium
1175 320 1298 352 morte

184 367 374 413 doluisse;
410 381 487 419 quo
519 367 675 405 tandem
705 367 833 405 animo
863 368 945 416 ejus
973 367 1171 405 interitum
1201 367 1299 405 ferre

185 420 315 470 debui,
337 434 425 459 cum
445 434 521 473 quo
533 429 674 460 certare
689 428 767 458 erat
781 421 993 471 gloriosius,
1007 434 1125 472 quam
1144 421 1302 459 omnino

186 475 445 514 adversarium
464 488 541 513 non
559 475 729 513 habere?
760 487 849 513 cum
862 475 1072 525 praesertim
1090 488 1167 512 non
1187 474 1302 512 modo

188 541 391 580 nunquam
417 529 465 566 sit
483 536 551 566 aut
574 528 678 566 illius
707 542 730 566 a
753 541 817 566 me
843 541 973 566 cursus
995 528 1215 579 impeditus,
1237 536 1304 567 aut

189 585 239 621 ab
257 583 324 621 illo
343 596 466 630 meuS,
484 582 548 621 sed
567 590 697 620 contra
716 595 864 633 semper
882 582 976 620 alter
990 583 1038 620 ab
1057 583 1175 620 altero
1193 582 1304 631 adju-

189 644 266 685 tus,
288 644 324 674 et
342 636 673 683 communicando,
688 643 724 674 et
735 636 940 683 monendo,
954 643 991 673 et
1008 635 1182 674 favendo.
1213 635 1304 683 Sed,

190 691 388 742 quoniam,
409 690 592 741 perpetua
611 690 780 741 quadam
799 690 977 728 felicitate
994 703 1100 738 usus,
1113 690 1178 727 ille
1196 689 1306 727 cessit

192 758 213 782 e
232 744 324 791 vita,
345 757 413 782 suo
431 745 554 794 magis
580 757 697 794 quam
718 757 874 782 suorum
897 743 1038 782 civium
1063 751 1247 794 tempore,
1268 750 1307 781 et

192 805 278 836 tum
298 798 447 846 occidit,
469 811 556 836 cum
570 798 701 848 lugere
715 798 863 835 facilius
875 797 1152 848 rempublicam
1166 803 1305 848 posset,

193 853 226 890 si
245 852 399 898 viveret,
421 865 538 902 quam
560 853 719 900 juvare;
749 851 921 902 vixitque
935 859 1014 888 tam
1029 851 1109 898 diu,
1124 863 1242 902 quam
1260 851 1307 888 li-

195 906 274 944 cuit
292 906 332 943 in
352 905 502 943 civitate
520 907 617 943 bene
635 907 819 956 beateque
838 905 987 950 vivere3
1018 913 1145 942 nostro
1163 905 1308 942 incom-

194 959 325 1007 modo,
346 959 662 1010 detrimentoque,
684 959 716 996 si
741 967 796 997 est
820 958 874 996 ita
899 971 1061 1005 necesse,
1085 958 1306 996 doleamus:

195 1013 300 1051 illius
319 1026 406 1050 vero
424 1013 555 1050 mortis
571 1013 895 1063 opportunitatem
908 1013 1170 1050 benevolentia
1182 1013 1310 1063 potius

197 1080 317 1118 quam
335 1067 591 1104 misericordia
609 1079 898 1117 prosequamur,
919 1073 976 1113 ut,
997 1066 1312 1117 quotiescumque

198 1121 246 1159 de
264 1120 471 1158 clarissimo
490 1127 527 1158 et
545 1120 760 1158 beatissimo
775 1120 854 1158 viro
869 1120 1092 1170 cogitemus,
1112 1120 1225 1157 illum
1244 1133 1312 1171 po-

198 1175 275 1212 tius
294 1187 412 1225 quam
431 1174 679 1224 nosmetipsos
705 1174 861 1224 diligere
885 1173 1094 1211 videamur.
1139 1174 1260 1221 Nam,
1282 1174 1313 1211 si

199 1228 240 1265 id
259 1228 447 1275 dolemus,
468 1228 572 1279 quod
591 1241 634 1265 eo
649 1229 731 1277 jam
750 1227 827 1265 frui
852 1227 960 1264 nobis
979 1239 1056 1264 non
1081 1227 1169 1264 licet
1185 1241 1196 1272 ;
1226 1240 1307 1265 nos-

199 1289 304 1320 trum
333 1289 388 1319 est
415 1282 455 1318 id
481 1282 656 1327 malum3
686 1281 790 1333 quod
815 1281 963 1318 modice
989 1281 1170 1329 feramus,
1199 1293 1248 1319 ne
1275 1281 1315 1318 id

201 1349 280 1374 non
298 1336 347 1373 ad
365 1335 586 1383 amicitiam,
608 1335 672 1373 sed
692 1335 741 1373 ad
760 1335 1005 1373 domesticam
1020 1334 1240 1382 utilitatem,
1257 1348 1316 1373 re-

202 1390 300 1428 ferre
328 1389 536 1427 videamur.
581 1390 663 1437 Sin,
687 1396 887 1440 tamquam
914 1389 972 1425 illi
1001 1388 1074 1439 ipsi
1103 1389 1320 1427 acerbitatis

202 1443 350 1495 aliquid
364 1443 552 1491 acciderit,
566 1444 745 1494 angimur
757 1457 769 1489 ς
800 1455 992 1480 summam
1004 1443 1086 1492 ejus
1096 1442 1317 1481 felicitatem

203 1510 281 1535 non
300 1498 389 1535 satis
407 1506 514 1548 grato
533 1498 662 1535 animo
680 1498 986 1548 interpretamur.

258 1551 318 1589 ΙΙ.
347 1552 520 1597 Etenim,
541 1552 573 1589 51
591 1551 732 1589 viveret
751 1551 802 1598 Q.
825 1551 1068 1599 Hortensius,
1089 1557 1223 1588 caetera
1240 1550 1316 1589 for-

206 1612 304 1643 tasse
323 1605 549 1643 desideraret
567 1605 647 1643 una
666 1618 755 1643 cum
780 1604 936 1656 reliquis
959 1604 1070 1642 bonis
1094 1611 1131 1642 et
1157 1604 1319 1643 fortibus

206 1659 377 1703 civibu53
407 1659 510 1697 hunc
537 1667 680 1707 autem,
700 1666 836 1710 praeter
854 1666 1005 1697 caeteros
1023 1665 1091 1696 aut
1116 1671 1205 1697 cum
1223 1672 1319 1709 pau-

207 1713 274 1761 cis,
293 1713 494 1751 sustineret
511 1712 694 1773 dolorem,
719 1725 807 1750 cum
832 1712 958 1750 forum
983 1712 1117 1763 populi
1135 1713 1319 1761 Romani,

208 1767 314 1818 quod
331 1766 464 1804 fuisset
483 1766 591 1817 quasi
611 1767 803 1804 theatrum
820 1766 952 1803 1111115
942 1765 1099 1817 mgenii‚
1126 1779 1217 1804 voce
1236 1779 1321 1804 eru-

208 1820 304 1869 dita,
332 1827 369 1858 et
394 1820 580 1857 Romanis
600 1820 819 1871 Graecisque
844 1819 1000 1857 auribus
1025 1818 1156 1870 digna,
1183 1820 1322 1870 spolia-

208 1882 294 1912 tum
313 1881 427 1925 atque
446 1876 622 1911 orbatum
641 1874 795 1911 videret.
823 1872 1018 1923 Equidem
1039 1885 1157 1924 angor
1175 1874 1319 1923 animo,

208 1941 286 1966 non
304 1928 464 1975 consilii,
484 1940 562 1965 non
575 1927 733 1977 ingenii,
749 1939 825 1964 non
837 1927 1068 1965 auctoritatis
1082 1927 1197 1965 armis
1211 1941 1320 1978 egere

207 1982 498 2034 rempublicam,
515 1995 601 2032 quae
620 1981 825 2019 didiceram
838 1988 1009 2028 tractare,
1026 1981 1242 2032 quibusque
1255 1995 1318 2020 me

207 2036 493 2083 assuefeceram,
513 2048 674 2086 quaeque
694 2042 801 2073 erant
824 2035 977 2086 propria
995 2047 1083 2073 cum
1102 2036 1318 2086 praestantis

205 2090 452 2142 inrepublica
470 2089 554 2136 viri,
574 2097 658 2126 tum
678 2090 774 2127 bene
791 2096 948 2126 moratae
967 2096 1004 2127 et
1022 2090 1117 2127 bene
1135 2090 1318 2127 constitu..

207 2153 256 2185 tae
275 2146 445 2186 civitatis.
475 2143 592 2192 Quod
612 2143 643 2182 si
656 2143 731 2182 fuit
749 2143 789 2181 in
801 2143 997 2194 republica
1010 2151 1162 2195 tempus
1176 2143 1316 2192 ullum,
