1429 2344
185 106 263 144 246
319 104 396 145 DE
426 104 851 155 ORATORE‚,L113.
873 107 930 146 ΙΙ.
961 107 1066 147 CAP.
1087 109 1150 146 52.

173 212 215 250 id
236 212 420 265 [factum]
437 227 588 265 augeas,
609 214 740 253 odium
755 221 925 254 creatur:
947 216 1019 263 sin,
1035 214 1138 267 quod
1156 220 1224 253 aut
1241 213 1281 252 in

173 268 292 305 bonos
321 266 452 315 [viros,
480 269 566 319 aut]
594 267 634 305 in
660 281 722 306 eos
746 268 787 306 in
812 282 907 320 quos
937 269 1098 321 quisque
1122 268 1282 306 minime

171 320 356 368 debuerit,
374 328 440 358 aut
458 321 498 359 in
518 322 819 372 rempublicam3
841 330 925 360 tum
939 322 1136 370 excitatur,
1158 322 1189 360 si
1202 333 1280 359 non

170 380 250 410 tam
270 375 447 411 acerbum
467 375 613 422 odium,
635 382 762 413 tamen
781 383 849 414 aut
866 376 1018 414 invidiae
1031 384 1098 414 aut
1111 375 1188 414 odii
1201 387 1278 413 non

169 427 360 464 dissimilis
380 428 545 466 offensio.
577 429 678 466 Item
697 429 810 466 timor
828 430 1010 467 incutitur
1028 436 1094 467 aut
1114 442 1161 467 ex
1178 429 1280 479 ipso-

169 492 256 517 rum
275 481 465 531 periculis,
486 490 553 520 aut
572 495 619 519 ex
639 483 916 521 communibus.
960 483 1122 521 Interior
1142 490 1196 520 est
1214 482 1279 519 ille

166 535 364 584 proprius:
397 536 461 573 sed
480 535 542 573 hic
568 549 720 587 quoque
739 536 951 575 communis
970 537 1019 574 ad
1037 536 1210 574 eamdem
1229 535 1279 574 si-

166 588 424 626 militudinem
445 597 500 627 est
517 589 791 640 perducendus.

220 641 317 679 LII.
348 642 425 679 Par
451 651 564 694 atque
590 656 668 680 una
694 643 789 681 ratio
815 650 870 682 est
896 643 988 695 spei,
1015 642 1169 691 laetitiae,
1191 654 1276 680 mo-

164 695 306 733 lestiae:
338 696 402 733 sed
420 696 524 734 haud
549 696 678 744 sciam,
707 710 756 734 an
775 697 978 735 acerrimus
996 697 1109 748 longe
1128 696 1175 734 sit
1193 709 1276 734 om-

165 749 277 786 nium
301 756 428 787 motus
454 750 631 796 invidiae3
662 763 730 788 nec
749 751 876 789 minus
896 751 1035 789 virium
1054 763 1149 801 opus
1168 749 1215 787 sit
1233 749 1275 787 in

164 815 209 840 ea
229 803 527 854 comprimenda,
549 818 666 855 quam
685 805 724 841 in
745 805 957 843 excitanda.
1001 804 1180 842 Invident
1205 816 1275 841 au-

163 863 243 893 tem
261 857 433 895 homines
452 858 621 896 maxime
639 859 807 909 paribus,
824 865 891 896 aut
908 858 1162 906 inferioribus,
1183 869 1273 896 cum

162 922 201 946 se
221 911 366 948 relictos
386 911 568 959 sentiunt,
589 912 673 950 illos
693 919 822 949 autem
841 912 970 950 dolent
990 912 1178 950 evolasse:
1207 910 1273 949 sed

163 963 278 1001 etiam
297 965 552 1014 superioribus
571 965 762 1003 invidetur
781 979 878 1016 saepe
897 966 1151 1012 vehementer,
1172 973 1213 1010 et,
1227 977 1272 1003 eo

159 1017 298 1067 magis,
329 1018 360 1055 si
383 1018 645 1056 intolerantius
672 1032 710 1056 se
726 1020 884 1068 jactant,
911 1026 948 1056 et
973 1018 1270 1069 aequabilitatem

156 1070 267 1118 juris,
296 1072 512 1122 praestantia
538 1072 731 1123 dignitatis
750 1080 816 1109 aut
835 1072 997 1110 fortunae
1025 1085 1116 1119 suae,
1146 1079 1268 1109 trans-

160 1131 252 1161 eunt
267 1138 276 1161 ε
311 1138 396 1176 quae
423 1125 453 1163 si
471 1125 745 1163 inflammanda
764 1132 865 1173 sunt,
882 1126 1050 1163 maxime
1063 1125 1267 1163 dicendum

158 1184 228 1225 est,
245 1190 321 1215 non
337 1192 414 1217 esse
433 1179 572 1217 virtute
589 1187 723 1230 parta3
753 1180 887 1217 deinde
906 1180 1020 1217 etiam
1038 1179 1138 1216 vitiis
1152 1186 1268 1230 atque

157 1232 342 1281 peccatis:
373 1239 473 1280 tum,
504 1232 535 1270 si
564 1240 674 1270 erunt
703 1233 915 1271 honestiora
941 1240 1055 1284 atque
1079 1232 1265 1282 graviora,

158 1291 288 1322 tamen
307 1297 384 1323 non
403 1299 481 1324 esse
498 1293 605 1324 tanta
629 1287 708 1324 ulla
732 1287 880 1334 merita,
908 1294 1052 1338 quanta
1068 1286 1268 1324 insolentia

157 1338 337 1386 hominis,
359 1346 625 1391 quantumque
643 1340 850 1377 fastidium.
879 1340 948 1378 Ad
967 1339 1177 1378 sedandum
1196 1352 1265 1377 au-

157 1399 249 1440 tem,
265 1405 405 1443 magno
423 1393 490 1430 illa
503 1394 645 1441 labore,
665 1393 813 1444 magnis
827 1394 1017 1445 periculis,
1037 1406 1114 1431 esse
1129 1400 1263 1444 parta3

157 1457 225 1483 nec
245 1447 293 1484 ad
313 1459 426 1484 suum
451 1447 710 1495 commodum,
738 1448 803 1485 sed
821 1447 870 1485 ad
888 1447 1062 1495 aliorum,
1090 1460 1169 1484 esse
1187 1447 1264 1485 col-

155 1499 258 1544 iata3
289 1513 455 1551 seseque,
485 1501 517 1538 si
542 1514 660 1552 quam
685 1501 845 1551 gloriam
870 1501 1056 1552 peperisse
1078 1501 1262 1550 videatur,

156 1553 225 1589 etsi
245 1566 287 1590 ea
306 1566 382 1591 non
402 1554 449 1591 sit
468 1554 601 1605 iniqua
618 1568 759 1592 merces
777 1555 948 1606 periculi,
976 1562 1105 1592 tamen
1123 1567 1169 1592 ea
1185 1566 1263 1592 non

155 1605 345 1655 delectari,
375 1615 571 1658 totamque
590 1609 750 1657 abjicere
768 1616 882 1669 atque
901 1608 1109 1659 deponere:
1139 1608 1264 1646 omni-

155 1671 281 1710 noque
299 1660 572 1711 perficiendum
599 1669 667 1709 est,
690 1662 888 1713 (quoniam
907 1662 1100 1723 plerique
1097 1668 1185 1699 sunt
1203 1661 1262 1698 in-

155 1712 246 1761 vidi,
276 1714 521 1765 maximeque
546 1722 601 1752 est
626 1716 697 1753 hoc
723 1719 925 1753 commune
951 1715 1101 1763 vitium,
1122 1722 1159 1752 et
1177 1727 1262 1765 per-

153 1774 359 1817 vagatum3
404 1767 613 1816 [invidetur
644 1776 773 1806 autem
809 1769 1002 1820 praestanti
1038 1768 1262 1819 florentique

151 1820 334 1873 fortunae]
350 1828 365 1868 )
385 1829 428 1859 ut
453 1822 534 1859 haec
552 1822 680 1872 opinio
698 1822 908 1870 minuatur,
928 1829 965 1860 et
982 1822 1049 1859 illa
1074 1822 1260 1860 excellens

151 1873 328 1924 opinione
352 1875 505 1913 fortuna
523 1888 611 1913 cum
629 1876 821 1914 laboribus
840 1883 876 1914 et
894 1875 1053 1914 miseriis
1071 1875 1262 1927 permixta

152 1940 231 1965 esse
250 1928 432 1966 videatur.
478 1929 508 1967 J
510 1942 573 1966 am
592 1929 844 1967 misericordia
862 1936 1048 1977 movetur,
1077 1929 1108 1966 si
1125 1929 1170 1978 is,
1191 1929 1260 1980 qui

152 1981 273 2030 audit,
294 1982 430 2020 adduci
443 1989 579 2034 potest,
595 1990 640 2020 ut
656 1983 736 2031 illa,
757 1997 844 2034 quae
861 1983 908 2020 de
927 1983 1042 2021 altero
1061 1982 1258 2033 deploren-

150 2041 228 2083 tur,
259 2036 307 2078 ad
337 2050 422 2074 suas
451 2050 509 2074 res
539 2044 698 2084 revocet,
726 2050 820 2087 quas
847 2043 914 2074 aut
937 2036 1066 2074 tulerit
1090 2038 1256 2084 acerbas,

150 2095 217 2125 aut
243 2089 399 2136 timeat;
429 2098 509 2139 aut,
537 2090 688 2128 intuens
713 2090 847 2138 alium,
876 2092 1004 2129 crebro
1022 2089 1072 2128 ad
1089 2089 1258 2141 seipsum

149 2148 369 2186 revertatur.
400 2144 476 2192 Ita,
503 2157 592 2183 cum
611 2144 752 2194 singuli
777 2157 884 2182 casus
908 2144 1166 2182 humanarum
1183 2143 1259 2181 mi·-

149 2195 332 2234 seriarum
352 2198 516 2248 graviter
534 2197 785 2250 accipiuntur,
813 2197 844 2237 si
868 2197 1048 2237 dicuntur
1073 2197 1258 2245 dolenter,
