1429 2344
148 58 200 94 22
255 55 332 95 DE
362 54 753 105 INVENTIONE,
785 55 884 94 Lm.
903 55 937 95 Ι.
967 55 1153 96 ΟΑΡ.22.

149 163 292 202 tionem
306 164 479 215 pertinet.
501 164 606 213 Non,
623 163 948 216 quemadmodum
960 176 1072 203 causa
1082 163 1263 216 postulat,

147 225 336 266 narratur,
357 231 446 256 cum
460 226 527 256 aut
544 218 598 266 id,
619 218 722 269 quod
743 218 954 257 adversario
973 218 1138 269 prodest,
1161 217 1262 255 dilu-

149 271 230 309 cide
250 279 286 309 et
301 279 430 310 ornate
444 272 659 323 exponitur,
680 279 746 309 aut
763 272 804 309 id
818 272 920 322 quod
938 272 1066 323 ipsum
1091 271 1261 320 adjuvat,

147 326 305 363 obscure
320 325 470 374 dicitur,
491 333 528 363 et
543 326 788 375 negligenter.
818 326 962 373 Quare,
982 333 1027 363 ut
1039 325 1110 363 hoc
1125 325 1262 363 vitium

148 378 301 428 vitetur,
333 380 462 417 onmia
486 379 697 430 torquenda
726 386 815 416 sunt
840 378 888 416 ad
913 379 1157 417 commodum
1184 391 1264 415 suae

149 445 289 480 causae,
328 433 526 480 contraria,
559 445 646 483 quae
684 432 868 482 praeteriri
891 440 1083 483 poterunt,
1108 439 1265 482 praeter-

149 486 274 523 eundo
288 500 299 532 3
331 499 419 537 quae
433 487 536 523 illius
557 492 680 533 erunt,
696 486 827 523 leviter
842 485 1075 536 attingendo,
1096 499 1164 523 sua
1178 485 1266 522 dili-

126 572 128 574 ,
147 546 279 588 genter
305 548 342 577 et
361 539 518 577 enodate
536 539 736 576 narrando.
775 539 839 576 Ac
863 539 910 576 de
938 539 1151 577 narratione
1177 538 1265 590 qui-

147 592 235 629 dem
255 593 343 630 satis
369 593 515 630 dictum
541 592 713 631 v2idetur
743 592 918 644 deinceps
946 592 996 630 ad
1023 592 1265 644 partitionem

148 652 396 684 transeamus.

201 699 346 736 XXII.
377 700 496 738 Recte
523 699 656 738 habita
684 699 725 737 in
753 698 867 737 causa
895 699 1048 750 partitio
1077 699 1264 737 illustrem

151 760 188 791 et
205 753 445 804 perspicuam
470 760 590 791 totam
620 753 733 791 efficit
758 754 976 791 orationem.
1017 752 1116 801 Ejus
1140 760 1266 804 partes

149 807 238 844 duae
257 814 359 856 sunt,
387 820 553 859 quarum
578 815 741 858 utraque
765 820 996 858 magnopere
1021 806 1070 844 ad
1094 806 1266 858 aperien-

150 860 240 897 dam
255 874 422 910 causam,
444 869 481 899 et
495 861 543 899 ad
558 861 860 899 constituendam
873 861 1035 911 pertinet
1053 868 1267 898 controver-

149 915 256 951 siam.
286 915 377 953 Una
399 928 486 966 pars
508 922 576 963 est,
597 928 699 966 quae,
717 914 810 966 quid
829 928 918 952 cum
936 914 1156 952 adversariis
1175 926 1265 951 con-

150 968 289 1016 veniat,
311 976 347 1006 et
362 969 483 1020 quid
473 981 514 1006 m
535 969 786 1006 controversia
805 968 1056 1042 relinquatur,
1076 967 1266 1013 ostendit,

150 1034 198 1059 ex
217 1036 295 1073 qua
319 1031 465 1060 certum
483 1022 668 1073 quiddam
693 1022 910 1072 designatur
928 1021 1106 1070 auditori,
1125 1021 1167 1058 111
1189 1033 1268 1082 quo

147 1075 325 1113 animum
354 1076 489 1114 debeat
513 1077 652 1114 habere
678 1083 917 1126 occupatum.
959 1075 1097 1112 Altera
1129 1081 1197 1123 est,
1224 1074 1266 1112 111

150 1142 229 1180 qua
242 1142 370 1167 rerum
385 1143 530 1178 earum,
551 1130 598 1167 de
617 1129 756 1180 quibus
772 1130 912 1167 erimus
931 1128 1081 1175 dicturi,
1104 1129 1269 1167 breviter

150 1183 334 1233 expositio
363 1184 519 1234 ponitur
547 1183 772 1228 distributa;
803 1196 850 1221 ex
882 1196 961 1234 qua
985 1182 1194 1231 conficitur,
1223 1188 1270 1219 ut

150 1244 267 1275 certas
293 1237 421 1274 animo
440 1250 498 1275 res
523 1244 648 1274 teneat
666 1237 829 1284 auditor,
857 1237 996 1287 quibus
1015 1235 1137 1284 dietis,
1157 1235 1270 1273 intel-

150 1290 245 1340 ligat
259 1291 338 1328 fore
355 1298 585 1341 peroratum.
615 1290 732 1328 Nunc
753 1298 915 1341 utroque
941 1302 1076 1340 genere
1098 1289 1270 1339 partitio-

151 1343 209 1381 nis
225 1344 551 1395 quemadmodum
570 1344 767 1382 conveniat
784 1344 856 1392 uti,
879 1343 1040 1381 breviter
1066 1342 1271 1380 dicendum

153 1397 312 1435 videtur.
342 1398 445 1445 Quae
467 1398 633 1449 partitio,
654 1398 748 1448 quid
769 1398 980 1445 conveniat,
1000 1403 1067 1434 aut
1081 1396 1176 1447 quid
1193 1408 1271 1434 non

152 1452 364 1499 conveniat,
385 1452 572 1496 ostendit3
602 1452 685 1489 haec
700 1451 811 1489 debet
825 1451 937 1499 illud,
959 1450 1062 1502 quod
1080 1449 1269 1498 convenit,

152 1504 334 1543 inclinare
353 1505 402 1543 ad
420 1519 499 1543 suae
518 1519 641 1543 causae
660 1504 920 1552 commodum,
941 1503 1013 1542 hoc
1031 1503 1170 1541 modo:
1201 1503 1271 1541 In-

152 1558 348 1596 terfectam
368 1567 531 1597 matrem
550 1572 627 1597 esse
646 1572 669 1597 a
687 1559 780 1606 filio,
797 1557 971 1596 convenit
984 1557 1081 1595 mihi
1100 1569 1188 1594 cum
1203 1556 1271 1594 ad-

154 1613 336 1650 versariis.
385 1612 486 1650 Item
512 1620 667 1651 contra:
699 1612 949 1650 Interfectum
974 1623 1052 1649 esse
1077 1623 1100 1648 a
1128 1609 1272 1661 Clytae-

156 1666 325 1703 mnestra
342 1665 692 1716 Agamemnonem,
710 1665 907 1704 convenit:
928 1678 1019 1702 nam
1033 1664 1097 1702 hic
1111 1671 1272 1715 uterque

156 1726 194 1756 et
208 1719 248 1756 id
270 1719 410 1769 posuit,
432 1720 535 1770 quod
560 1720 818 1768 conveniebat,
840 1726 877 1757 et
900 1726 1030 1756 tamen
1049 1730 1128 1756 suae
1147 1730 1272 1755 causae

155 1773 357 1811 commodo
387 1773 586 1810 consuluit.
624 1773 789 1821 Deinde,
811 1772 904 1824 quid
929 1771 1188 1810 controversiae
1207 1771 1270 1818 sit,

155 1826 377 1876 ponendum
392 1834 446 1864 est
459 1827 499 1864 in
514 1827 756 1876 judicationis
768 1825 1021 1877 expositione3
1035 1837 1122 1877 quae
1137 1837 1272 1875 quem-

157 1879 366 1917 admodum
394 1881 638 1928 inveniretur,
670 1888 757 1917 ante
788 1880 933 1917 dictum
965 1886 1031 1916 est.
1079 1877 1181 1924 Quae
1203 1891 1272 1915 au-

154 1939 233 1970 tem
263 1934 415 1984 partitio
444 1947 571 1972 rerum
601 1934 843 1971 distributam
871 1932 1037 1971 continet
1069 1931 1271 1982 expositio-

155 1998 258 2035 nem,
286 1987 368 2025 haec
396 1987 534 2025 habere
567 1987 678 2025 debet
705 1987 943 2034 brevitatem,
974 1985 1267 2033 absolutionem,

153 2040 393 2090 paucitatem.
423 2041 596 2079 Brevitas
610 2048 678 2089 est,
691 2053 794 2089 cum,
814 2040 887 2078 nisi
898 2039 1163 2085 necessarium,
1179 2038 1268 2075 nul-

152 2094 237 2131 lum
255 2095 460 2133 assumitur
483 2096 654 2133 verbum.
690 2094 789 2132 Haec
813 2094 854 2131 in
872 2093 944 2132 hoc
969 2105 1104 2144 genere
1128 2091 1268 2130 idcirco

152 2147 257 2186 utilis
283 2155 351 2198 est,
382 2149 485 2200 quod
511 2150 622 2188 rebus
647 2149 752 2200 ipsis,
774 2154 810 2188 et
834 2147 1006 2200 partibus
1030 2158 1168 2196 causae,
1189 2157 1267 2184 non
