1429 2344
179 106 257 144 260
312 105 388 143 DE
418 105 711 155 ORATORE,
743 107 840 145 1113.
862 107 919 145 11.
950 107 1053 147 CAP.
1075 109 1138 145 65.

173 211 278 249 Nam
296 212 336 249 in
351 211 469 250 Coelio
488 224 576 251 sane
594 212 707 252 etiam
726 213 774 251 ad
793 226 943 252 causam
961 214 1054 253 utile
1071 214 1144 252 fuit
1162 222 1272 253 tuum

171 264 280 312 illud,
301 264 464 312 Antoni,
490 278 578 303 cum
595 266 660 305 ille
679 280 701 304 a
719 280 757 304 se
775 268 973 317 pecuniam
991 268 1196 318 profectam
1214 268 1272 306 di-

171 325 269 356 ceret
293 319 410 366 testis,
436 326 473 357 et
497 318 652 358 haberet
676 319 799 358 filium
818 320 1082 370 delicatiorem,
1108 322 1272 360 abeunte

168 371 251 419 jam
269 371 350 420 illo,

226 448 254 468 “
270 447 429 484 Senti'n'
449 460 576 485 senem
595 461 673 486 esse
690 455 834 487 tactum
852 448 1006 499 triginta
1022 448 1136 487 minis
1152 449 1199 487 ?’'

171 530 219 567 In
243 529 314 568 hoc
338 543 457 581 genus
483 531 732 580 conjiciuntur
756 531 976 582 proverbia3
1004 539 1048 570 ut
1071 532 1169 570 illud
1190 532 1270 571 Sci-

167 583 303 634 pionis,
324 596 412 622 cum
436 585 592 622 Asellus
610 597 739 623 omnes
757 584 965 635 provincias
989 585 1174 636 stipendia
1190 598 1271 624 me-

166 644 312 674 rentem
331 651 369 675 se
386 639 602 688 peragrasse
626 638 860 688 gloriaretur,
892 640 919 660 “
938 638 1047 688 Agas
1065 639 1269 686 asellum,''

166 698 203 728 et
221 697 363 728 caetera.
394 691 524 738 Quare
538 705 582 729 ea
595 704 759 742 quoque,
776 691 957 743 quoniam
975 692 1130 730 mutatis
1148 691 1271 731 verbis

166 756 243 781 non
261 751 418 794 possunt
430 744 588 783 retinere
604 745 776 782 eamdem
795 752 1043 793 venustatem,
1059 757 1136 783 non
1153 745 1194 783 in
1212 759 1267 794 re,

164 797 229 835 sed
247 797 287 834 in
306 797 440 845 verbis,
461 798 583 849 posita
601 798 797 836 ducantur.

216 851 290 888 Est
314 851 428 889 etiam
446 851 486 889 in
506 854 618 889 verbo
643 852 809 902 positum
833 864 910 890 non
927 851 1114 890 insulsum
1132 864 1267 903 genus,

164 917 211 942 ex
238 917 294 951 e0,
315 917 403 942 cum
422 905 470 942 ad
489 907 661 952 verbum,
682 918 759 943 non
777 906 826 943 ad
844 905 1081 953 sententiam,
1108 919 1189 944 rem
1207 919 1269 945 ac-

164 958 286 1008 cipere
304 957 476 1005 videare3
507 971 554 996 ex
579 972 655 1010 quo
674 971 751 997 uno
775 972 911 1009 genere
935 966 1035 997 totus
1054 966 1109 997 est
1126 959 1266 1008 Tutor,

163 1011 304 1049 mimus
323 1019 442 1059 vetus,
469 1012 607 1062 oppido
628 1012 819 1050 ridiculus.
867 1012 942 1051 Sed
960 1014 1053 1050 abeo
1071 1026 1095 1050 a
1111 1013 1239 1051 mimis
1253 1028 1265 1051 ε

163 1071 312 1103 tantum
330 1077 449 1115 genus
468 1065 583 1114 hujus
601 1065 749 1103 ridiculi
766 1065 905 1116 insigni
923 1065 1052 1116 aliqua
1069 1073 1107 1104 et
1124 1066 1214 1104 nota
1227 1079 1268 1104 re

162 1119 284 1156 notari
297 1119 393 1157 volo.
422 1119 494 1156 Est
512 1126 640 1156 autem
659 1132 706 1157 ex
723 1120 795 1157 hoc
813 1132 947 1170 genere
961 1119 1070 1166 illud,
1091 1119 1194 1170 quod
1208 1127 1266 1169 tu,

162 1171 308 1218 Crasse,
334 1184 455 1223 nuper
473 1172 522 1219 ei,
542 1172 609 1223 qui
627 1179 664 1210 te
682 1173 860 1222 rogasset,
880 1184 976 1209 num
994 1173 1064 1211 tibi
1087 1173 1268 1212 molestus

162 1233 258 1263 esset
284 1226 448 1274 futurus,
483 1226 515 1263 si
542 1226 592 1263 ad
620 1233 657 1264 te
684 1227 781 1264 bene
809 1233 897 1264 ante
924 1226 1050 1264 lucem
1079 1226 1264 1273 venisset3

163 1281 191 1301 “
207 1278 272 1316 Tu
291 1280 421 1326 vero,’'
449 1279 621 1331 inquisti,
653 1282 680 1302 “
695 1280 874 1318 molestus
893 1292 970 1317 non
988 1279 1059 1317 eris
1072 1279 1113 1317 :''
1143 1283 1170 1302 ‘⁶
1190 1281 1266 1318 Ju-

159 1333 266 1370 bebis
284 1332 400 1383 igitur
418 1334 497 1379 te,’'
517 1333 655 1385 inquit,
678 1335 706 1356 “
721 1333 890 1371 suscitari
903 1333 950 1371 ?'’
978 1340 1015 1371 et
1032 1340 1090 1380 tn,
1111 1336 1139 1356 “
1156 1333 1266 1372 Certe

158 1386 339 1436 negaram
358 1393 394 1424 te
412 1386 614 1425 molestum
628 1386 843 1424 futurum.’'
884 1386 949 1425 Ex
968 1386 1100 1424 eodem
1117 1387 1189 1425 hoc
1203 1401 1265 1425 ve-

159 1447 219 1477 tus
245 1440 341 1477 illud
366 1448 433 1487 est,
461 1441 563 1491 quod
593 1440 700 1478 aiunt
725 1440 1035 1490 Maluginensem
1063 1440 1175 1478 illum
1200 1441 1262 1479 M.

158 1493 388 1544 Scipionem,
416 1507 503 1531 cum
529 1507 576 1532 ex
603 1494 771 1532 centuria
790 1495 859 1532 sua
877 1493 1107 1532 renuntiaret
1130 1495 1263 1532 Acidi-

159 1558 253 1584 num
269 1548 474 1594 consulem,
490 1561 687 1598 praecoque
702 1548 869 1595 dixisset,
891 1550 919 1570 ‘⁶
935 1547 1011 1585 Dic
1023 1547 1070 1585 de
1084 1547 1132 1585 L.
1145 1548 1263 1586 Man-

155 1600 208 1637 lio
221 1600 262 1645 ;”
294 1603 321 1622 “
339 1600 478 1638 Virum
496 1602 685 1647 bonum,’'
715 1601 852 1652 inquit,
875 1603 903 1623 “
923 1601 1192 1652 egregiumque
1211 1602 1262 1639 ci-

158 1666 243 1691 vem
259 1666 335 1691 esse
354 1655 553 1692 arbitror.''
582 1655 759 1692 Ridicule
773 1655 887 1692 etiam
901 1654 1008 1691 illud.
1039 1655 1087 1692 L.
1105 1655 1261 1693 Porcius

157 1707 297 1744 Nasica
316 1708 457 1745 censori
477 1708 626 1754 Catoni,
648 1721 735 1745 cum
754 1708 831 1754 ille,
854 1711 882 1730 “
896 1707 962 1744 Ex
976 1707 1032 1744 tui
1046 1707 1164 1745 animi
1178 1721 1262 1745 sen-

155 1760 272 1798 tentia
290 1767 332 1797 tu
351 1774 509 1798 uxorem
527 1761 641 1799 habes
656 1762 702 1799 ?'’
733 1764 761 1784 “
782 1761 888 1808 Non,
908 1760 1101 1807 hercule,''
1120 1760 1259 1812 inquit,

156 1817 184 1836 “
202 1827 248 1851 ex
273 1814 349 1851 mei
377 1814 495 1852 animi
521 1814 744 1852 sententia?
785 1814 882 1852 Haec
906 1820 972 1851 aut
995 1813 1133 1864 frigida
1156 1822 1259 1861 sunt,

152 1874 220 1905 aut
245 1875 329 1904 tum
356 1868 464 1914 salsa,
492 1881 581 1905 cum
607 1868 710 1905 aliud
735 1874 790 1905 est
812 1874 1092 1918 exspectatum:
1122 1868 1260 1905 natura

153 1921 256 1959 enim
274 1933 342 1959 nos
362 1924 421 1964 (ut
435 1928 521 1958 ante
535 1921 630 1968 dixi)
651 1928 774 1958 noster
787 1920 946 1958 delectat
959 1933 1059 1958 error
1072 1934 1084 1966 ;
1105 1933 1152 1959 ex
1167 1934 1258 1971 quo,

152 1987 240 2012 cum
259 1973 367 2024 quasi
386 1974 530 2025 decepti
548 1987 679 2012 sumus
698 1974 986 2024 exspectatione,
1007 1973 1185 2012 ridemus.

206 2028 337 2066 LXV.
367 2028 416 2066 In
435 2027 556 2065 verbis
575 2028 689 2065 etiam
713 2027 779 2065 illa
803 2034 905 2075 sunt,
926 2040 1012 2078 quae
1036 2034 1102 2065 aut
1120 2040 1167 2065 ex
1185 2028 1260 2066 im·

152 2081 301 2119 mutata
318 2081 483 2119 oratione
501 2081 704 2128 ducuntur,
730 2087 797 2118 aut
815 2094 862 2119 ex
880 2081 994 2119 unius
1012 2080 1117 2119 verbi
1136 2088 1256 2119 trans-

152 2134 304 2182 latione,
331 2143 398 2173 aut
426 2148 473 2173 ex
502 2134 711 2173 inversione
735 2136 947 2173 verborum.
986 2134 1051 2173 Ex
1076 2134 1256 2173 immuta-

151 2187 277 2235 tione3
307 2196 350 2227 ut
377 2188 468 2227 olim
499 2189 626 2227 Rusca
654 2200 742 2228 cum
771 2188 896 2239 legem
925 2187 1037 2228 ferret
1065 2189 1255 2234 annalem,
