1407 2308
230 59 308 108 DE
335 58 628 110 ORATORE‚
657 59 755 99 1118.
772 58 830 99 ΙΙ.
855 58 959 99 cu».
975 58 1038 103 27.
1100 58 1174 96 221

80 167 241 206 alterum
259 174 314 206 est
332 166 656 206 accommodamm
675 167 723 206 ad
747 180 876 206 eorum
895 166 1053 216 animos,
1073 164 1178 216 apud

78 233 173 272 quos
197 220 371 269 dicimus,
398 221 446 258 ad
469 221 510 258 id
535 221 637 271 quod
661 222 849 269 volumus,
875 219 1173 259 commovendos.

79 274 143 312 Ita
159 274 252 312 ratio
263 274 385 312 omnis
399 274 545 312 dicendi
557 274 676 312 tribus
687 274 735 312 ad
752 273 1053 325 persuadendum
1065 274 1176 310 rebus

80 334 136 365 est
148 327 261 365 nixa:
291 334 335 365 ut
351 329 552 378 probemus
563 340 650 365 vera
664 341 740 365 esse
752 341 795 365 ea
809 341 893 378 quae
911 326 1146 365 defendimus
1159 339 1173 371 3

79 387 122 418 ut
141 381 379 419 conciliemus
397 381 504 418 nobis
523 394 583 419 eos
597 381 664 432 qui
681 381 866 426 audiunt3
895 387 938 418 ut
956 380 1100 418 animos
1112 392 1174 417 eo-

79 447 180 482 rum,
201 434 250 471 ad
267 447 545 485 quemcumque
567 447 677 472 causa
701 435 905 485 postulabit
928 441 1089 480 motum,
1110 445 1175 471 vo-

77 500 217 526 cemus.
245 487 313 525 Ad
326 487 563 538 probandum
579 496 704 526 autem
717 488 858 538 duplex
870 495 924 525 est
938 486 1073 525 oratori
1085 488 1174 524 sub-

73 541 173 590 Jecta
196 542 391 579 materies:
421 554 498 578 una
516 554 641 578 rerum
660 554 803 588 earum,
823 555 908 592 quae
933 553 1008 578 non
1027 539 1174 590 excogi-

78 601 206 632 tantur
223 596 271 632 ab
290 602 446 642 oratore,
467 594 544 642 sed,
564 594 603 631 in
626 607 664 632 re
682 594 825 645 positae,
846 594 987 631 ratione
1013 601 1174 631 tractan-

78 653 140 686 tur
156 661 168 693 3
197 655 241 685 ut
267 649 420 695 tabulae,
449 647 674 694 testimonia,
702 655 823 698 pacta,
850 654 1043 694 conventa,
1071 660 1174 697 quae-

77 700 228 749 stiones,
243 700 357 751 leges,
377 701 723 749 senatus-consulta,
739 714 796 739 res
806 701 996 753 judicatae,
1013 700 1172 749 decreta,

77 766 265 805 responsa,
287 761 323 792 et
340 753 498 805 reliqua,
518 754 548 792 si
563 767 647 805 quae
661 761 762 802 sunt,
783 767 868 805 quae
885 766 961 791 non
975 753 1174 804 pariuntur

78 808 126 845 ab
145 815 302 854 oratore,
323 807 388 845 sed
405 807 453 845 ad
471 814 654 845 oratorem
680 820 702 844 a
715 808 827 845 causa
844 814 957 858 atque
975 820 998 843 a
1015 819 1054 844 re
1072 806 1173 845 defe-

78 867 240 906 runtur3
269 861 397 907 altera,
418 873 504 911 quae
517 867 595 898 tota
605 861 644 898 in
659 860 908 911 disputatione
922 868 958 898 et
972 873 1173 910 argumen-

80 913 220 951 tatione
236 913 390 951 oratoris
408 914 585 952 collocata
603 921 667 951 est.
697 914 759 951 Ita
775 914 815 951 in
833 914 1020 965 superiore
1038 926 1173 974 genere

80 966 127 1004 de
146 966 346 1005 tractandis
364 967 608 1017 argumentis,
628 967 668 1005 in
686 967 757 1004 hoc
775 974 903 1005 autem
922 967 1035 1005 etiam
1054 967 1124 1005 de
1113 980 1173 1005 m-

78 1019 283 1068 veniendis,
309 1019 552 1070 cogitandum
577 1026 643 1058 est.
672 1025 806 1071 Atque
829 1020 891 1058 isti
916 1020 1085 1071 quidem,
1105 1021 1173 1071 qui

79 1072 225 1121 docent,
245 1085 333 1110 cum
347 1085 476 1111 causas
493 1073 533 1110 111
546 1073 658 1124 plura
670 1085 806 1124 genera
819 1080 1028 1121 secuerunt,
1044 1073 1173 1124 singu-

75 1125 122 1173 lis
134 1126 331 1176 generibus
343 1134 652 1177 argumentorum
662 1127 809 1177 copiam
821 1134 1049 1177 suggerunt:
1070 1127 1174 1178 quod

76 1179 223 1217 etiamsi
240 1179 289 1217 ad
314 1179 561 1218 instituendos
579 1180 870 1218 adolescentulos
894 1180 1015 1231 magis
1039 1188 1173 1231 aptum

77 1240 145 1281 est,
165 1239 223 1281 ut,
243 1232 358 1270 simul
375 1246 418 1271 ac
436 1233 556 1284 posita
573 1233 622 1271 sit
633 1247 758 1282 causa,
776 1233 952 1281 habeant,
968 1246 1044 1283 quo
1063 1247 1101 1271 se
1115 1247 1172 1271 re-

76 1285 212 1333 ferant,
231 1285 332 1324 unde
358 1286 484 1324 statim
503 1286 676 1337 expedita
699 1286 843 1337 possint
864 1293 1086 1337 argumenta
1108 1287 1173 1326 de-

76 1351 246 1389 promere
261 1353 274 1385 ;
302 1346 429 1377 tamen
449 1347 485 1377 et
503 1339 599 1377 tardi
617 1340 758 1389 ingenii
779 1346 848 1388 est,
867 1339 1006 1377 rivulos
1025 1352 1171 1378 consec-

75 1392 160 1440 tari,
193 1391 313 1430 fontes
339 1405 465 1430 rerum
491 1405 568 1430 non
600 1393 750 1437 videre;
788 1399 825 1430 et
857 1393 938 1441 jam
971 1393 1088 1431 aetatis
1117 1402 1172 1432 est

74 1447 238 1496 ususque
254 1444 383 1493 nostri,
403 1457 427 1482 a
444 1445 577 1496 capite,
593 1446 694 1496 quod
713 1445 884 1495 velimus,
904 1458 1096 1495 arcessere,
1117 1454 1168 1495 et,

75 1497 177 1535 unde
190 1498 318 1535 omnia
335 1506 503 1546 manent,
520 1499 654 1536 videre.

126 1550 181 1588 Et
194 1551 361 1601 primum
376 1563 494 1601 genus
512 1551 608 1589 illud
622 1564 750 1589 earum
769 1539 909 1599 rerum,
926 1564 1012 1602 quae
1025 1551 1073 1589 ad
1086 1565 1168 1592 ora-

73 1610 192 1643 torem
211 1603 443 1652 deferuntur,
458 1604 681 1642 meditatum
692 1605 823 1643 nobis
813 1617 852 1642 m
866 1612 1104 1655 perpetuum,
1121 1606 1170 1644 ad

73 1669 227 1695 omnem
255 1670 369 1695 usum
394 1658 576 1695 similium
603 1671 743 1705 rerum,
770 1671 847 1696 esse
872 1657 1032 1697 debebit.
1061 1659 1168 1697 Nam

73 1722 142 1761 pro
160 1710 298 1749 tabulis
321 1717 358 1749 et
382 1718 510 1748 contra
527 1712 698 1756 tabulas,
728 1724 796 1762 pro
814 1711 969 1749 testibus
987 1718 1024 1749 et
1042 1720 1170 1750 contra

72 1770 206 1809 testes;
235 1777 304 1814 pro
335 1764 602 1815 quaestionibus
635 1771 671 1802 et
697 1771 826 1802 contra
857 1764 1103 1815 quaestiones3
1133 1772 1170 1804 et

72 1816 165 1857 item
183 1816 230 1854 de
242 1818 383 1855 caeteris
401 1819 512 1855 rebus
530 1817 698 1866 ejusdem
717 1817 875 1867 generis,
896 1818 956 1855 vel
970 1819 1169 1868 separatim

71 1869 193 1909 dicere
206 1870 370 1908 solemus
382 1869 430 1908 de
442 1883 576 1921 genere
594 1871 779 1918 universo,
793 1871 853 1908 vel
864 1870 1014 1908 definite
1028 1871 1075 1909 de
1093 1872 1168 1909 sin-

71 1923 171 1973 gulis
194 1923 438 1974 temporibus,
466 1923 696 1971 hominibus,
715 1923 859 1961 causis:
890 1937 984 1974 quos
1009 1924 1161 1974 quidem

70 1976 170 2015 locos
188 1976 308 2019 (vobis
332 1976 416 2025 hoc,
433 1976 544 2014 Cotta
567 1984 604 2014 et
629 1977 786 2027 Sulpici,
806 1976 904 2023 dico)
924 1977 1047 2014 multa
1065 1989 1166 2014 com-

70 2029 297 2067 mentatione
310 2037 423 2081 atque
435 2029 675 2067 meditatione
686 2037 833 2080 paratos
846 2037 960 2080 atque
974 2029 1166 2079 expeditos

71 2081 208 2120 habere
217 2081 371 2121 debetis.
399 2083 578 2133 Longum
591 2090 646 2121 est
658 2083 758 2120 enim
776 2095 877 2120 nunc
890 2095 953 2120 me
967 2082 1166 2134 explicare,

72 2134 151 2186 qua
167 2134 310 2175 ratione
327 2142 394 2175 aut
419 2136 639 2175 confirmare
663 2143 730 2175 aut
754 2135 944 2225 infigmare
968 2142 1092 2186 testes,
1109 2142 1167 2175 ta.

763 2199 793 2226 U
